3225 5034
667 413 710 430 .-
736 389 798 449 105
822 422 865 430 -

231 571 295 625 tem
330 573 453 644 partem
490 567 648 645 phratrias,
673 566 824 640 excludit,
850 573 885 628 ut
908 568 1026 628 festum
1051 568 1209 630 nobilium
1232 576 1301 629 tan·

230 678 297 732 tam
336 672 392 734 fiet
404 668 435 753 ¹).
493 673 647 751 Dionysia
685 674 818 750 agrestia
857 694 875 734 a
914 675 1008 736 demo
1043 681 1109 737 toto
1144 677 1301 737 celebrata

231 797 297 839 esse
332 780 417 840 tituli
451 786 616 841 testantur.
665 799 711 854 ea,
736 800 807 858 quae
831 789 1131 857 commemorantur,
1163 783 1300 843 ademo

231 886 338 964 aliquo
374 906 489 947 nomen
526 895 721 966 receperunt,
758 894 790 949 et
820 889 1010 951 demarchus
1034 891 1073 951 iis
1097 889 1298 969 praesidebat.

230 1000 373 1070 gennetae
407 1000 513 1055 autem
539 995 688 1072 phratriae
711 996 880 1074 participes
904 1002 1003 1070 erant,
1028 1016 1099 1075 quae
1123 998 1214 1075 longe
1238 997 1301 1057 alia

231 1118 267 1160 ac
291 1099 404 1162 demus
426 1108 494 1161 erat
516 1120 619 1179 neque
642 1102 769 1163 eosdem
786 1103 933 1163 homines
950 1103 1131 1164 continebat
1148 1101 1200 1184 (ci.
1217 1122 1299 1164 com·

231 1207 516 1269 mentatiunculam
553 1228 657 1269 meam
694 1209 732 1269 de
759 1229 824 1288 rep.
850 1210 924 1291 Aah,
950 1230 969 1270 a
993 1209 1101 1272 Clisth.
1128 1211 1301 1272 constituta

230 1333 262 1392 p.
300 1313 317 1373 7
353 1312 412 1393 sq),
447 1321 483 1375 ut
517 1316 550 1375 in
586 1334 651 1376 una
686 1317 827 1395 phratria
862 1317 948 1378 ciues
971 1318 1108 1378 duorum
1132 1317 1300 1378 demotum

231 1426 344 1481 essent.
391 1422 497 1483 uerbis
531 1427 637 1483 autem
674 1425 830 1502 expressis
865 1425 1105 1503 lexicographus
1140 1423 1301 1485 Theoenia

231 1526 267 1585 τὰ
290 1529 369 1586 κατὰ
394 1525 518 1610 δήμους,
532 1525 673 1588 deorham
697 1549 764 1591 esse
787 1532 907 1592 asserit.
944 1532 1152 1610 quamobrem
1169 1537 1225 1592 aut
1240 1532 1303 1591 hoc.

231 1639 286 1694 aut
320 1654 385 1695 uox
420 1643 556 1716 γεννῆται
590 1637 670 1697 falsa
705 1644 761 1710 est,
798 1639 917 1717 quippe
944 1658 1016 1716 quae
1039 1639 1212 1700 consociari
1235 1658 1300 1698 non

219 1742 362 1820 possint.
411 1761 485 1803 cum
519 1744 630 1817 oratio,
663 1763 767 1822 equa
790 1746 893 1823 glossa
917 1746 1178 1824 Harpocrationis
1201 1746 1302 1825 petita

231 1855 287 1919 est,
323 1869 388 1910 non
423 1856 575 1923 seruetur,
612 1851 740 1929 quaein
764 1871 800 1911 ea
825 1852 953 1925 fuerint,
978 1851 1123 1914 diuinare
1147 1854 1298 1932 cogimur.

230 1961 381 2033 gennetas
419 1956 587 2018 Theoeniis
623 1959 797 2019 sacrificare
833 1965 947 2032 orator,
983 1966 1019 2020 ut
1054 1961 1197 2038 aliquam
1233 1979 1299 2019 rem

230 2062 377 2137 efficeret,
403 2066 666 2126 commemorauit
689 2071 726 2126 ut
748 2066 848 2127 Isaeus
872 2066 911 2126 de
935 2066 995 2127 Cir.
1021 2067 1086 2127 her.
1115 2068 1165 2141 15,
1189 2066 1301 2144 quiex

231 2189 279 2242 eo,
314 2169 399 2247 quod
435 2169 529 2231 Ciron
564 2178 695 2250 nepotes
729 2172 769 2233 ad
801 2173 955 2251 Dionysia
978 2174 1112 2250 agrestia
1135 2180 1301 2251 ceteraque

230 2295 328 2350 sacra,
353 2293 426 2355 quae
449 2278 590 2355 perfecit,
614 2297 723 2339 secum
747 2279 861 2340 ducere
885 2280 1015 2355 solebat,
1040 2299 1092 2340 eos
1116 2299 1225 2358 reapse
1249 2299 1300 2339 ne·

229 2391 320 2461 potes
343 2383 411 2444 eius
435 2402 502 2445 esse
526 2384 742 2446 demonstrare
766 2388 846 2447 uult.
895 2386 1042 2447 Cironem
1067 2395 1196 2465 nepotes
1221 2405 1300 2447 sem·

210 2475 286 2568 'per
314 2489 401 2550 cordi
436 2490 585 2553 habuisse
609 2493 709 2554 Isaeus
732 2495 889 2572 exposuit,
919 2500 955 2554 ut
978 2513 1045 2553 rem
1068 2512 1178 2554 eorum
1195 2492 1301 2553 defen-

230 2597 333 2671 deret;
370 2598 465 2659 altius
500 2605 686 2677 argumenta
720 2600 813 2678 petiit
848 2607 953 2660 noster
987 2607 1091 2662 orator
1115 2619 1202 2660 sacra
1227 2599 1300 2659 affe-

229 2722 311 2776 rens,
347 2723 419 2782 quee
453 2705 536 2765 inter
568 2724 600 2766 se
623 2712 731 2783 gentes
755 2706 1045 2767 communicabant.
1094 2706 1133 2766 de
1156 2707 1300 2785 gennetis

339 2949 358 3016 ¹)
375 2952 508 3019 Toepffer
527 2953 586 3006 Att.
610 2953 682 3005 Gen.
704 2953 738 3005 12
756 2970 810 3020 sqq
828 2954 974 3006 Theoenia
993 2970 1075 3006 sacra
1093 2969 1252 3020 orgeonum
1271 2958 1301 3005 et

229 3041 398 3092 Theoenum
425 3041 521 3108 deum,
548 3058 633 3108 quem
653 3043 789 3109 colerent,
809 3044 901 3096 fuisse
922 3048 1012 3109 putat,
1032 3043 1108 3108 qnod
1126 3059 1186 3095 uox
1205 3058 1300 3108 orgeo-

229 3146 299 3181 num
328 3135 446 3197 propter
464 3131 524 3183 uim
544 3131 580 3183 ad
600 3132 708 3184 cultum
728 3133 834 3185 Bacchi
853 3132 1006 3185 referenda
1025 3137 1079 3185 est.
1116 3132 1219 3199 quodsi
1238 3132 1300 3184 haec

230 3235 311 3271 sacra
338 3234 496 3285 orgeonnm
524 3220 640 3287 propria
667 3222 802 3287 fuissent,
829 3222 984 3288 participes
1002 3220 1216 3286 homogalactes
1235 3236 1300 3273 esse

228 3325 289 3360 non
316 3309 481 3374 oportebat;
510 3309 642 3362 uidemus
671 3315 768 3363 autem
796 3310 909 3363 nobiles
937 3310 991 3363 has
1020 3314 1121 3376 gentes
1144 3309 1180 3362 iis
1199 3325 1301 3375 praese·

229 3397 316 3449 disse.
354 3397 487 3463 Toepffer
515 3398 631 3463 quidem
659 3416 686 3465 p.
717 3399 751 3451 10
778 3415 919 3465 orgeones
944 3403 974 3451 et
991 3398 1205 3464 homogalactes
1224 3399 1301 3451 inter

229 3502 261 3538 se
290 3486 448 3538 contrarios
478 3502 536 3538 non
565 3502 629 3539 esse
658 3489 735 3539 hand
763 3493 842 3540 recte
870 3488 1020 3540 contendit
1038 3488 1120 3539 nisus
1140 3487 1235 3552 glossa
1254 3504 1300 3541 an.

228 3575 353 3627 Bekkeri
380 3575 403 3641 I,
431 3574 492 3642 227,
521 3591 536 3627 e
564 3592 621 3641 qua
648 3577 703 3628 hoc
731 3582 845 3629 tantum
868 3577 1001 3630 concludi
1021 3580 1116 3643 potest
1134 3576 1252 3628 eosdem
1271 3581 1301 3629 et

229 3669 370 3730 gennetas
398 3668 428 3716 et
447 3680 586 3731 orgeones
607 3667 712 3717 uocari.
749 3665 886 3731 quicquid
905 3666 941 3718 de
961 3666 1015 3718 hac
1034 3666 1129 3731 glossa
1148 3665 1299 3730 iudicatur,

229 3752 277 3805 lex
305 3754 431 3805 tenenda
459 3757 505 3805 est
531 3769 549 3806 a
576 3754 748 3806 Philochoro
777 3755 855 3820 apud
882 3755 998 3807 Suidsm
1027 3759 1056 3807 et
1075 3754 1210 3806 Photium
1230 3771 1252 3806 s.
1272 3772 1300 3807 u.

230 3840 360 3910 ippone<
388 3842 501 3907 tradite,
531 3859 546 3895 e
571 3858 627 3908 qua
645 3848 766 3909 apparet
784 3844 998 3909 homogalactes
1018 3848 1047 3895 et
1066 3858 1205 3909 orgeones
1224 3844 1301 3896 inter

230 3947 261 3983 se
281 3932 406 3983 differre.
444 3932 633 3984 Philochorus
653 3947 754 3984 uocem
774 3933 934 3985 obsoletam
954 3933 1183 3999 homogalactum
1198 3948 1301 3998 genne-

230 4011 324 4073 tarum
343 4036 414 4073 noce
432 4021 647 4087 interpretatur,
667 4020 744 4086 quod
763 4036 864 4073 uerum
884 4037 949 4073 esse
967 4022 1091 4074 uidetur.
1122 4022 1153 4072 in
1171 4021 1301 4073 oratione

230 4114 329 4162 nostra
348 4110 451 4161 saltem
470 4110 531 4163 haec
550 4110 595 4162 uis
615 4114 667 4168 est,
688 4126 753 4162 cum
772 4110 809 4162 de
828 4110 964 4175 gentibus
983 4110 1130 4164 nobilibus
1150 4115 1259 4176 agatur.
