3225 5034
695 308 707 341 Ι

775 389 952 450 ..58-

331 586 402 628 rum
438 585 505 629 esse
537 585 663 646 sperare
693 584 758 627 non
782 566 933 645 potuisse.
981 565 1020 627 de
1043 566 1194 647 χοτρίνοις
1215 566 1279 627 illis
1304 560 1398 640 ἀγῶσι

331 674 381 753 agi
404 679 505 754 putat,
530 693 619 753 quos,
644 683 680 734 ut
703 679 848 752 tempora
870 674 998 748 terrent,
1016 680 1155 735 mutatos
1169 692 1246 736 esse.
1272 674 1398 752 Apollo

331 782 404 842 nius
427 780 612 861 Cappadox,
635 781 692 859 qui
714 779 809 841 ludos
832 779 945 841 datum
971 780 1011 841 iri
1033 780 1177 841 audierat
1192 786 1278 841 etex
1294 798 1398 841 narra·

330 886 482 963 tionibus,
506 906 586 966 quas
607 888 776 966 scriptores
797 887 917 965 aliique
940 887 980 948 de
995 886 1164 965 tragoediis
1179 892 1211 948 et
1225 885 1398 948 comoediis

330 994 536 1068 tradiderant,
561 994 622 1055 sibi
645 994 737 1055 ludos
761 993 801 1054 ad
826 1013 900 1054 eum
925 993 1058 1055 modum
1082 994 1227 1066 finxerat,
1243 994 1398 1055 nimirum

331 1102 447 1163 mimos
482 1100 594 1162 uidens
629 1102 762 1162 miratus
797 1107 853 1161 cst.
901 1107 1051 1180 praterea
1085 1101 1145 1162 hoc
1177 1101 1398 1162 testimonium

330 1214 397 1269 tam
433 1227 509 1269 serae
543 1209 645 1269 aetatis
678 1214 735 1281 est,
771 1214 807 1268 ut
841 1226 881 1267 ex
915 1207 986 1281 hoc,
1010 1208 1172 1286 quomodo
1197 1208 1399 1268 Anthesteria

331 1314 435 1393 quinti
469 1315 615 1393 quartiue
650 1334 677 1375 a.
715 1314 787 1375 Chr.
824 1335 855 1374 n.
891 1315 1000 1376 saculi
1035 1321 1220 1394 comparata
1242 1315 1316 1388 sint,
1341 1315 1398 1375 uix

331 1420 517 1482 concludere
551 1422 653 1483 liceat.
700 1440 776 1481 nam
812 1421 881 1481 ludi
915 1441 980 1481 non
1015 1428 1082 1482 tam
1113 1427 1179 1482 arte
1202 1428 1234 1483 et
1255 1421 1399 1499 religiose

331 1546 404 1589 cum
429 1529 510 1590 testo
533 1546 630 1606 quam
654 1528 725 1588 aliae
745 1525 935 1589 c'aerimonioe
950 1547 990 1587 ex
1006 1528 1195 1607 antiquitate
1210 1528 1334 1589 tradita
1351 1546 1399 1588 co·

330 1635 453 1696 niunoti
486 1640 586 1695 erant.
633 1635 667 1694 in
702 1634 883 1695 didascalus
918 1635 1046 1695 alterius
1081 1654 1108 1695 a.
1137 1635 1210 1696 Chr.
1235 1655 1265 1695 n.
1291 1635 1398 1696 saeculi

330 1742 461 1820 repertis
495 1741 567 1801 cla
601 1740 644 1815 ΙΙ,
681 1740 745 1803 975
780 1740 874 1801 ludos
896 1742 1035 1803 comicos
1059 1743 1168 1803 multis
1191 1742 1284 1803 annis
1307 1741 1399 1803 datos

330 1868 394 1909 non
418 1867 486 1909 esse
509 1847 668 1920 uidemus,
686 1855 718 1908 et
733 1847 944 1909 Anthestcriis
959 1848 1090 1926 quidem
1108 1843 1226 1924 ἀγῶνας
1241 1849 1399 1929 χοτρίνοος

331 1955 526 2016 intermissos
561 1961 633 2034 post
666 1954 809 2033 spatium
843 1955 995 2033 temporis
1029 1956 1214 2034 aLyourgo
1237 1956 1399 2017 restitutos

331 2079 398 2122 ease
433 2081 449 2122 e
484 2063 550 2139 legs
585 2081 604 2121 a
638 2059 942 2122 Pseudo-Plutarcho
966 2062 1083 2122 tradito
1105 2060 1218 2143 (CVII)
1241 2069 1396 2123 tenemus.

331 2169 386 2246 qui
421 2170 557 2246 glossam
593 2168 701 2230 anecd.
728 2168 827 2229 Bekk.
852 2168 878 2242 Ι,
902 2188 924 2247 p
948 2169 1013 2229 316
1042 2163 1154 2248 Xirtpot
1176 2179 1242 2228 stt.
1266 2166 1399 2249 (CVIII)

331 2276 466 2354 scripsit,
505 2295 579 2336 cum
618 2275 686 2336 sine
721 2274 820 2335 dubio
855 2274 894 2335 de
929 2275 1103 2336 comoediis
1137 2276 1324 2353 cogitauisse
1358 2295 1398 2336 ex

331 2382 454 2443 ultimis
476 2381 582 2443 uerbis
606 2379 739 2462 μάλιστα
764 2377 796 2440 δὲ
821 2380 890 2448 τοὺς
912 2381 1162 2462 πολιτευομένους
1176 2388 1317 2462 apparet.
1342 2382 1397 2444 sed

331 2495 433 2550 catera
467 2493 534 2550 tota
562 2487 720 2549 sententio
742 2508 814 2548 eam
837 2488 877 2549 de
900 2488 987 2562 iocis,
1012 2489 1067 2566 qui
1092 2484 1123 2557 ἐξ
1146 2482 1270 2569 ἁμαξῶν
1293 2490 1397 2568 appel·

331 2594 488 2668 labantur,
524 2595 715 2673 quibuscum
751 2596 885 2674 scriptor
919 2596 1067 2673 ignorans
1097 2595 1295 2656 comoediam
1319 2597 1398 2657 ioco

331 2720 400 2763 sam
428 2702 575 2773 conlusit
600 2701 818 2780 accipiendam
844 2720 912 2763 asse
936 2702 1141 2763 demonstrat.
1188 2703 1398 2764 Anthosteriis

331 2811 427 2886 uulgo
449 2809 489 2870 iis
512 2827 585 2870 usos
609 2827 676 2870 esse
701 2810 910 2871 Athenienses
933 2809 1061 2871 scimus.
1108 2810 1195 2869 itane
1217 2810 1398 2888 intellegen-

331 2915 392 2976 dus
425 2922 474 2977 cst
502 2915 616 2977 Suidas
641 2934 665 2976 s.
691 2935 722 2976 u.
749 2911 779 2984 le
804 2910 945 2997 ἁμάξηςῗ
968 2912 1144 2998 (ΧΧΧΙΧ).
1170 2917 1201 2977 ο1
1223 2916 1321 2977 schol.
1345 2917 1396 2977 Ar.

331 3023 390 3100 Eq.
425 3040 447 3082 n
483 3022 545 3083 547
578 3020 668 3102 (XL).
694 3028 778 3083 certa
801 3022 914 3083 eadem
938 3023 1083 3083 conlusio
1106 3029 1154 3083 est
1176 3023 1210 3082 in
1234 3023 1331 3083 schol.
1356 3022 1396 3083 ad

331 3126 415 3191 Nub.
438 3146 461 3189 u
486 3128 549 3189 296
574 3133 618 3200 (n.
642 3128 726 3189 infra
749 3149 781 3207 p.
799 3126 862 3210 90).

437 3235 498 3296 Sed
527 3236 642 3309 locum,
668 3233 725 3295 ubi
748 3235 945 3314 apertissime
970 3235 1083 3295 Lenaea
1106 3235 1308 3299 Anthesteria
1330 3252 1397 3298 esse

331 3342 499 3416 indicatur,
535 3343 596 3403 nisi
632 3342 681 3403 his
713 3341 792 3420 ipsis
828 3341 934 3402 uerbis
956 3341 1081 3416 dicitur,
1106 3342 1212 3404 adhuc
1235 3360 1329 3404 nemo
1352 3343 1398 3403 in·

331 3449 429 3509 uenit.
476 3449 517 3509 ad
552 3467 583 3509 u.
617 3447 703 3508 enlm
728 3450 780 3508 Ar.
806 3448 885 3509 th.
913 3449 997 3508 1224
1019 3447 1177 3529 (XXXV),
1202 3450 1259 3510 ubi
1281 3450 1397 3510 Dicaeo·

331 3556 422 3634 polis,
461 3555 516 3633 qui
555 3556 736 3616 certaminis
774 3554 900 3616 Ghoum
941 3556 1043 3616 uictor
1084 3557 1235 3635 poculum
1275 3557 1398 3636 primus

331 3660 440 3735 ebibit,
476 3662 655 3741 praemium,
690 3663 813 3723 corium
847 3662 1073 3740 Ctesiphontis,
1108 3682 1127 3722 a
1155 3681 1225 3740 rege
1248 3663 1398 3724 archonte

331 3770 480 3848 postulat,
505 3768 606 3829 codex
628 3768 704 3829 Rav.
731 3769 889 3830 scholium
912 3769 1009 3829 habet
1031 3768 1108 3842 hoo;
1134 3765 1194 3847 ἄρα
1218 3770 1269 3850 τὴν
1294 3765 1398 3850 tuapt-

332 3873 417 3934 λειαν
450 3869 467 3935 ὁ
503 3873 647 3953 βασιλεὺς
687 3869 752 3956 εἶχε
787 3868 1019 3956 tardaretur.
1066 3876 1144 3954 quid
1169 3876 1276 3937 minus
1299 3875 1397 3936 ambi·

331 3978 453 4061 guum?
485 3981 539 4043 sed
564 3982 721 4043 scholium
745 3982 854 4062 ipsum
877 3983 987 4061 aperit,
1013 3982 1126 4061 quanti
1141 3982 1324 4044 laciendum
1341 3982 1396 4055 sit;

330 4089 410 4150 illud
434 4089 520 4150 enim
545 4083 614 4168 ἄρα,
640 4109 659 4150 a
683 4109 746 4168 quo
766 4089 889 4169 incipit,
911 4089 993 4149 hanc
1009 4090 1247 4151 annotationem
1264 4090 1399 4151 alicuius
