3225 5034
679 420 858 481 ..13-

237 598 350 659 desiise
385 597 527 659 indicare
558 596 716 671 uideatur,
740 599 860 672 ceteris,
885 597 941 659 ubi
965 599 1006 659 de
1028 600 1191 662 mensibus
1215 601 1304 662 boeo-

111 707 112 711 ’
235 705 307 766 ticis
346 704 487 782 loquitur
525 703 723 778 Plutarchus,
763 706 940 766 contrarius
974 709 1029 767 est.
1078 707 1164 767 hunc
1198 707 1305 768 locum

236 811 501 890 sequensssUnger
524 810 599 871 indo
622 810 663 871 ab
686 810 778 871 initio
802 811 972 873 Bucatium
997 812 1216 874 Gamelionem
1239 813 1258 874 i.
1277 833 1303 874 e.

236 917 423 979 Ianuarium
446 918 511 977 lere
526 917 636 991 fuisse,
652 923 763 996 postea
779 923 898 991 autem,
916 937 990 979 cum
1007 918 1157 981 Ianuario
1172 919 1309 981 Pcsideo

236 1031 267 1085 et
302 1025 447 1086 Gamelio
482 1023 654 1085 Februario
689 1024 903 1102 responderet,
939 1026 1109 1087 Bucatium
1138 1027 1305 1088 Posideoni

236 1130 436 1209 respondisse
459 1136 560 1209 putat.
608 1130 761 1208 quoniam
785 1136 894 1192 autem
910 1131 1079 1193 Bucatium
1096 1132 1305 1195 Posideonem

237 1238 256 1298 i.
293 1257 318 1297 e.
355 1237 562 1299 Decembrem
598 1237 641 1298 II.
677 1256 704 1299 a.
741 1236 814 1298 Chr.
851 1258 882 1301 n.
920 1239 1036 1301 saeculo
1058 1240 1157 1301 luisse
1181 1240 1305 1319 lapides

237 1350 393 1405 testantur
427 1351 458 1405 et
481 1344 668 1405 Plutarchus
692 1344 771 1407 dicit
792 1338 1000 1406 Posideoncm
1025 1347 1211 1407 Ianuarium
1236 1365 1307 1408 esse

236 1451 325 1528 (Caes.
363 1446 415 1531 37)
450 1457 481 1515 et
504 1450 637 1513 Bucatio
657 1451 759 1512 solem
783 1452 1004 1530 capricornum
1028 1471 1207 1531 percurrere
1228 1454 1250 1513 i.
1276 1473 1303 1514 e.

238 1557 326 1619 hunc
358 1576 499 1619 mensem
536 1558 684 1618 Ianuario
714 1558 908 1637 respondere
943 1554 994 1640 (ad
1031 1560 1105 1621 Hes.
1139 1578 1189 1638 op.
1216 1557 1307 1640 504),

237 1664 304 1724 lieri
327 1683 391 1725 non
414 1670 527 1744 potest,
552 1665 631 1743 quin
654 1684 762 1725 moises
785 1667 902 1726 boeotia
925 1685 983 1726 aaa
1007 1687 1070 1728 cam
1093 1669 1191 1727 athas
1210 1687 1229 1726 a
1246 1669 1308 1727 bro

237 1773 445 1836 aberrarant.
474 1790 551 1832 nam
575 1777 606 1832 et
629 1771 723 1846 tituli,
748 1772 803 1850 qui
828 1778 902 1833 ante
925 1771 959 1833 id
981 1778 1120 1851 tempus,
1137 1792 1201 1851 quo
1218 1793 1304 1834 men·

236 1897 284 1939 ses
308 1878 396 1940 attici
419 1897 446 1938 a.
460 1879 529 1940 loco
553 1877 699 1939 aberrare
719 1877 916 1957 incipiebant
939 1875 1105 1960 (74-225
1128 1899 1160 1958 p.
1178 1880 1251 1941 chr.
1270 1900 1304 1941 n.

236 1985 331 2046 unius
367 1986 484 2047 mensis
519 1986 623 2064 spatio
645 1986 833 2064 posteriores
857 1991 947 2046 arant
969 1992 1104 2047 auctore·
1120 1987 1245 2064 Ungero
1268 2006 1301 2066 p.

238 2091 312 2171 763)
348 2093 499 2170 insculpti
534 2098 619 2166 sunt,
641 2099 702 2153 ⁴et.
719 2092 918 2167 Plutarchus,
943 2092 999 2170 qui
1021 2097 1094 2171 post
1117 2092 1151 2153 id
1174 2098 1305 2172 tempus

236 2199 326 2273 vixit,
362 2199 473 2259 eadem
507 2199 637 2260 ratione
663 2199 698 2258 in
733 2198 896 2260 mensibus
921 2197 1071 2261 boeoticis
1099 2218 1173 2260 oum
1197 2200 1328 2269 atticis,

236 2305 459 2384 comparandis
482 2310 625 2376 utuntur.
658 2304 778 2375 ,tobstat
800 2311 910 2366 tamen
933 2307 1021 2367 locus
1044 2306 1097 2371 ille
1121 2284 1229 2386 Pelop.
1250 2308 1306 2381 24,

237 2413 291 2491 qui
327 2413 439 2490 quanti
473 2412 639 2479 faciendus
674 2412 724 2484 sit,
760 2431 847 2474 nunc
879 2412 1113 2491 exquirendum
1138 2419 1196 2475 esti
1232 2414 1303 2492 bip

236 2521 320 2582 sium
359 2539 493 2597 sequens
532 2519 685 2593 Bischoff,
721 2519 776 2597 qui
801 2519 985 2583 Bucatium
1020 2538 1094 2581 cum
1129 2520 1306 2582 Posideone

236 2633 409 2706 comparat,
445 2647 475 2705 p.
506 2627 569 2705 345
593 2626 802 2687 intercalandi
827 2627 1003 2688 rationibus
1028 2626 1237 2689 dissimilibus
1260 2628 1304 2688 lo·

237 2754 310 2796 cum
327 2734 475 2813 expedire
492 2735 570 2805 uult,
589 2753 652 2811 qua
668 2734 882 2813 explicatione
896 2733 996 2795 vctiam
1012 2734 1046 2794 in
1059 2734 1156 2795 schol.
1171 2734 1212 2794 ad
1224 2735 1301 2795 Hes.
1380 2764 1385 2781 ·

237 2860 287 2920 op.
313 2841 377 2902 504
401 2841 519 2914 utitur;
544 2841 589 2902 sic
614 2859 663 2908 res
686 2841 838 2920 explicari
861 2846 965 2919 potest
988 2847 1020 2901 et
1043 2841 1088 2902 sic
1111 2858 1208 2919 supra
1230 2841 1304 2902 olo

241 2947 323 3007 1569
359 2947 527 3026 explicaui.
575 2947 630 3008 sed
663 2948 697 3007 in
719 2947 781 3008 hoc
803 2947 898 3008 titulo
922 2947 960 3007 de
984 2966 1016 3010 re
1040 2947 1165 3025 singula
1188 2948 1301 3026 agitur,

238 3054 424 3116 Plutarchus
454 3060 564 3116 autem
599 3053 697 3115 uerba
724 3055 770 3114 ita
792 3055 878 3126 lacit,
904 3062 940 3115 ut
963 3054 1002 3114 de
1025 3055 1092 3132 lege
1107 3073 1192 3117 veum
1214 3055 1303 3133 loqui

191 3204 194 3209 -
238 3161 355 3234 credas,
391 3180 462 3239 quae
486 3161 690 3222 boeotarchas
714 3166 786 3240 post
810 3179 953 3221 mensem
977 3165 1175 3240 postremum
1199 3176 1304 3240 perac-

237 3275 306 3328 tum
344 3268 515 3346 imperium
552 3268 644 3328 nouis
677 3266 800 3327 tradere
833 3268 935 3339 iussit,
971 3273 1007 3327 et·
1036 3268 1123 3328 hunc
1158 3286 1301 3328 mensem

237 3374 277 3434 ad
313 3375 484 3436 solstitium
519 3374 674 3453 pertinere
709 3374 807 3434 solere
842 3379 943 3453 putes.
992 3373 1103 3434 eadem
1139 3374 1178 3434 de
1207 3393 1303 3435 causa

237 3482 361 3572 Ruellio
388 3481 422 3541 in
445 3482 563 3559 encycl.
589 3480 804 3559 Darcmbergii
829 3480 854 3551 l,
880 3481 944 3541 828
968 3481 1113 3542 assentiri
1136 3501 1201 3542 non
1217 3500 1302 3560 poss·

238 3608 303 3649 um.
340 3588 421 3649 nihil
455 3593 562 3649 autem
598 3588 711 3662 obstat,
748 3588 827 3666 quin
850 3588 1038 3649 Plutarchus
1062 3588 1092 3647 h.
1118 3589 1138 3648 l.
1163 3594 1200 3649 ut
1223 3590 1303 3650 solet

238 3696 392 3756 rationem
407 3695 568 3773 temporis
592 3693 800 3768 describendi,
827 3713 891 3772 qua
914 3695 1023 3755 Boeoti
1046 3695 1114 3755 eius
1138 3700 1229 3755 aetate
1252 3696 1302 3755 usi

238 3809 322 3874 sunt,
347 3802 380 3862 in
404 3802 540 3881 priorem
564 3801 771 3862 transtulerit.
819 3801 887 3862 eius
910 3801 995 3862 enim
1019 3800 1218 3879 temporibus
1242 3802 1301 3862 Bu*

237 3910 338 3970 catius
373 3909 544 3970 solstitium
579 3907 730 3986 subsequi
765 3908 896 3981 solebat,
920 3908 1118 3969 boeotarchas
1142 3927 1213 3986 ergo
1238 3928 1301 3968 ma·

237 4016 404 4094 gistratum
439 4021 512 4094 post
545 4015 717 4076 solstitium
752 4014 888 4089 inibant,
924 4021 954 4074 et
989 4015 1033 4076 sic
1068 4014 1304 4093 Epaminonda

238 4141 364 4200 quoque
398 4121 595 4200 temporibus
629 4121 727 4183 fuisse
761 4121 905 4195 credidit,
941 4139 1137 4198 quamquam
1170 4138 1302 4181 reuera
