3225 5034
687 400 863 464 -55-·

243 584 356 663 goedia
389 590 495 644 autem
530 582 664 644 Athenis
698 580 896 651 nascebatur,
932 564 961 640 ι’
979 578 1098 657 quibus
1121 580 1214 640 Iones
1237 596 1308 638 eam

244 692 414 771 posteriore
452 695 544 751 aetete
582 695 783 768 receperunt;
821 686 1029 766 quamobrem
1064 685 1195 747 cuilibet
1229 686 1309 746 iesto

244 798 362 859 Bacchi
396 816 465 858 eam
488 794 659 859 attribuere
682 801 865 875 potuerunt,
890 812 963 855 cum
987 808 1109 853 moram
1133 792 1310 870 antiquitus

244 904 398 966 traditum
430 922 494 965 non
518 902 685 975 haberent3
710 903 766 963 illa
788 901 951 979 Dionysia,
975 916 1047 979 quas
1071 900 1212 960 maximo
1235 914 1310 959 cum

245 1015 400 1090 apparatu
412 1010 661 1082 celebrabantur,
680 1009 832 1068 nimirum
848 1006 1015 1084 eligebant.
1048 1012 1198 1085 praterea
1214 1004 1310 1077 tituli,

245 1134 325 1196 quos
348 1117 440 1178 affert
461 1116 594 1189 Gilbett,
617 1132 695 1176 serae
719 1115 821 1176 aetatis
843 1119 927 1175 sunt.
975 1113 1035 1174 hoc
1059 1131 1185 1191 qnoque
1207 1112 1311 1172 obser-

245 1224 389 1285 uandum
423 1229 472 1285 est
507 1223 708 1284 Anthesteria
741 1222 821 1282 ritus
855 1220 1045 1298 antiquitate
1068 1219 1234 1296 insignItos
1258 1217 1311 1278 ha·

245 1330 351 1392 buisse
386 1331 509 1408 diisque
543 1329 653 1391 inieris
688 1329 823 1389 Athenis
851 1333 887 1388 ut
911 1327 1038 1405 Myconi
1061 1342 1150 1387 sacra
1173 1326 1312 1405 perlecta

245 1454 322 1510 esse,
357 1439 541 1498 Lenaeorum
576 1441 684 1497 autem
718 1435 816 1496 decus
843 1435 1022 1495 maximum
1047 1433 1139 1494 ludos
1162 1432 1312 1494 scaenicos

244 1545 352 1618 fuisse,
388 1563 468 1622 quos
492 1544 585 1604 Iones
610 1541 770 1604 ueteribus
793 1541 992 1620 temporibus
1015 1541 1147 1600 fortasse
1171 1558 1235 1599 non
1259 1538 1311 1598 ha·

245 1650 373 1712 hebent.
420 1651 481 1711 hoc
512 1655 699 1728 argumento
734 1649 772 1721 ei,
797 1633 882 1727 qnod
907 1646 1111 1725 Thucydides
1133 1645 1235 1719 affert,
1260 1643 1312 1704 ad·

244 1759 354 1818 iuncto
377 1757 537 1819 conclusio
561 1756 628 1817 eius
651 1757 818 1817 nesissIma
840 1762 896 1817 est.

354 1865 403 1924 Ad
438 1869 556 1926 ceteros
590 1864 674 1924 locos
709 1867 875 1924 auctorum
910 1862 1014 1933 uenio,
1050 1860 1167 1939 quibus
1190 1858 1314 1920 Gilbert

246 1972 363 2050 aliique
398 1971 457 2032 nIsi
497 1972 611 2031 Ienoea
645 1988 718 2031 cum
743 1969 953 2030 Anthesteriis
976 1969 1165 2046 coniungere
1189 1967 1310 2027 uolunt.

246 2085 294 2138 est
320 2096 567 2149 reuertimus,
592 2092 668 2138 nam
693 2077 814 2138 scholia
836 2075 876 2135 ad
902 2075 1062 2154 Aristoph.
1089 2076 1165 2136 Ach.
1191 2093 1222 2134 u.
1247 2073 1312 2132 202

247 2182 375 2265 (XLIV)
403 2191 434 2246 et
460 2202 491 2245 u.
518 2185 581 2245 504
605 2180 748 2264 (XLIII),
774 2183 966 2261 quibuscum
991 2182 1171 2261 Stephanus
1196 2180 1314 2258 Byzan·

246 2292 333 2352 tinus
367 2310 393 2353 s.
422 2311 460 2369 n.
490 2287 627 2373 Λήναιυς
650 2287 761 2372 (XLV)
783 2290 993 2352 conferendus
1017 2296 1072 2360 est,
1098 2304 1172 2348 cnm
1197 2286 1314 2346 Anthe-

247 2399 349 2459 steriis
373 2399 486 2459 Ienasa
508 2399 679 2459 coniuncta
702 2416 770 2459 esse
793 2396 1004 2458 concludendi
1025 2412 1137 2456 ansam
1157 2412 1222 2453 non
1238 2410 1315 2470 pra⁴

247 2504 332 2578 bant,
368 2505 423 2566 sed
447 2522 486 2565 ex
510 2505 560 2565 his
585 2505 697 2564 Lenaea
718 2509 751 2564 et
774 2500 927 2581 Dionysia
950 2503 1083 2581 agrestia
1106 2501 1193 2586 idem
1216 2499 1315 2560 tuisse

246 2611 364 2673 festum
387 2611 512 2673 Gilberi
536 2611 668 2689 collegit.
717 2611 762 2672 sic
785 2610 845 2671 hac
868 2611 901 2670 in
926 2630 959 2670 re
974 2609 1113 2670 narratio
1130 2604 1316 2686 Apollodori

247 2717 281 2777 in
315 2719 435 2778 scholio
469 2718 509 2779 ad
535 2718 695 2795 Aristoph.
723 2717 798 2778 Ach.
826 2718 888 2778 961
915 2716 1060 2792 (LXVII)
1083 2712 1151 2776 sola
1174 2731 1316 2774 momen

247 2829 318 2884 tum
347 2824 453 2897 habet,
478 2824 512 2885 in
536 2840 598 2902 qua
619 2826 708 2902 origo
732 2824 804 2884 icsti
829 2823 954 2884 Choum
978 2823 1157 2902 exponitur.
1205 2820 1240 2880 in
1263 2837 1315 2898 pa·

247 2931 385 2992 reuihesi
408 2936 496 2991 extat
518 2925 555 3012 ἠν
577 2927 612 2989 δὲ
634 2925 724 3012 ἑορτὴ
741 2925 886 2989 Διονύσοι)
903 2923 1048 3011 Ληναίου.
1082 2929 1195 2988 eadem
1213 2945 1317 2987 narra-

247 3037 293 3097 tio
325 3037 471 3116 pluribns
505 3038 583 3098 loeis
613 3038 789 3098 inuenitur:
815 3037 930 3098 Athen.
955 3037 985 3097 X
1010 3057 1030 3116 p
1055 3035 1118 3096 437
1145 3036 1170 3096 Β
1194 3029 1316 3116 (LXX)

248 3143 328 3203 Plut.
365 3144 482 3216 Quaest.
518 3160 623 3223 symp„
648 3144 691 3217 ΙΙ,
719 3145 770 3219 10,
796 3145 812 3204 1
838 3141 977 3226 (LXXI),
1001 3144 1128 3204 Tnetzes
1151 3142 1249 3204 schol.
1275 3138 1317 3200 ad

249 3250 403 3328 Lycophr.
440 3270 471 3311 u.
511 3251 594 3311 1374
621 3246 779 3333 (LXXII),
812 3252 867 3329 qui
891 3268 995 3328 regem
1020 3266 1083 3309 non
1108 3248 1316 3321 Pandionem,

247 3348 303 3408 sed
327 3349 584 3427 Demophontem
608 3350 706 3410 luisse
722 3349 818 3420 dixit;
836 3349 1025 3411 Plutarchus
1042 3347 1318 3427 Demophontidas

248 3455 402 3515 nominat.
453 3461 490 3516 ut
524 3456 640 3534 saepius
675 3457 813 3517 namatio
848 3456 1031 3535 aetiologica,
1068 3473 1140 3532 quae
1174 3460 1317 3528 uocatur,

248 3561 321 3622 testi
355 3561 493 3622 instituti
528 3561 614 3640 apud
649 3563 836 3641 Euripidem
871 3562 1014 3641 primum
1048 3555 1213 3624 inuenitur
1245 3562 1316 3642 lph.

248 3667 341 3729 Taur.
377 3686 408 3727 u.
434 3667 610 3730 947-960
632 3666 769 3750 (LXIV)
817 3669 977 3730 isautem
1000 3687 1105 3745 regem
1129 3689 1194 3730 non
1217 3668 1318 3730 nomi·

248 3775 351 3835 nstim
385 3774 514 3848 iudicat,
539 3774 579 3835 de
602 3775 853 3837 Atheniensibus
876 3781 1004 3837 tantum
1029 3776 1184 3855 loquitur3
1209 3795 1316 3853 quare,

248 3880 351 3953 credo,
375 3881 493 3959 posteri
514 3881 707 3943 conicientes
723 3883 926 3944 dissentiunt.
955 3890 1064 3944 nostro
1084 3884 1214 3957 scholio,
1231 3880 1317 3959 quod

249 3987 363 4048 Suidas
388 3980 469 4054 Χόες
490 3988 524 4047 in
547 3989 651 4066 glossa
667 3990 759 4048 tertia
775 3983 938 4070 (LXVIII)
954 3990 1179 4069 transscripsit,
1198 3987 1317 4050 similli-

249 4112 341 4155 mum
364 4100 411 4155 est
434 4094 530 4154 schol.
556 4094 597 4156 ad
623 4094 782 4174 Aristoph.
808 4097 890 4175 liqu.
916 4114 947 4157 n.
969 4096 1010 4156 95
1029 4092 1167 4178 (LXIX),
1185 4092 1318 4156 aSuIda
