3225 5034
698 399 871 461 ,ῃ-

256 579 363 657 magni
397 578 554 640 momenti
588 584 636 640 est
669 597 772 656 neque
807 577 1082 638 animaduertitur.
1129 577 1196 638 fieri
1230 596 1322 657 posse

254 685 362 764 negari
385 685 511 764 nequit;
536 684 577 746 ab
600 685 660 745 hoo
684 691 791 745 autem
816 703 864 746 res
879 704 945 745 non
960 684 1068 757 baeret,
1086 683 1140 745 sed
1161 684 1323 763 quomodo
1433 754 1437 760 ,

254 793 338 854 actio
372 792 446 853 inde
481 811 553 852 au.
580 791 643 852 202
668 796 788 869 agatur,
813 790 1021 870 quaerendum
1045 797 1102 852 est.
1148 809 1243 852 rusne
1267 791 1323 852 mi·

256 918 344 977 grsre
379 919 420 960 an
454 899 488 959 in
523 897 601 959 urbe
637 916 764 959 manere
794 897 1042 977 Dicaeopolidem
1066 897 1324 959 concludendum

253 1008 324 1068 est‘?
367 1006 428 1129 poc
462 1004 576 1079 Rinok,
600 1004 698 1082 Relig.
724 1004 754 1065 d.
781 1005 866 1068 Hell.
890 1024 920 1085 p.
947 1004 989 1066 89
1013 1023 1083 1083 sqq,
1107 1004 1322 1079 Schoenbom,

255 1113 359 1175 Skene
382 1113 413 1175 d.
438 1112 522 1173 Hell.
539 1133 570 1191 p.
589 1112 664 1186 321,
682 1110 805 1173 Gilbert
828 1110 1075 1184 contenderunt;
1099 1110 1178 1172 illud
1200 1111 1322 1191 Haupt,

255 1220 354 1281 index
387 1221 457 1281 lect.
493 1219 594 1280 Berol.
634 1217 695 1280 187
699 1212 755 1289 2!ss
790 1219 918 1297 aliique.
963 1219 1047 1280 siin
1069 1218 1148 1280 urbe
1172 1219 1325 1296 Dionysia

255 1327 389 1406 agrestia
412 1345 502 1405 agere
525 1326 689 1405 potuisset,
714 1326 743 1386 ei
766 1343 878 1405 pacem
902 1327 1004 1388 iacere
1023 1344 1104 1405 opus
1120 1345 1185 1386 nou
1201 1325 1322 1386 fuisset.

255 1434 310 1495 sed
334 1453 487 1514 pompam
511 1452 565 1494 rus
589 1433 757 1494 ducentem
782 1432 981 1512 prohibitum
1005 1451 1072 1494 esse
1097 1432 1220 1494 Gilbert
1236 1431 1322 1494 dicit.

255 1540 343 1602 haud
361 1547 452 1602 recte.
470 1540 624 1601 nimirum
642 1540 870 1619 Aristophanes
886 1539 1011 1602 ciuibus
1024 1559 1198 1620 proponere
1210 1539 1323 1615 uoluit,

253 1654 376 1727 quanta
410 1647 520 1708 laetitia
554 1652 585 1707 et
620 1647 818 1708 iucunditate
852 1667 930 1726 pace
963 1649 1048 1707 facta
1075 1647 1229 1726 Dionysia
1258 1642 1325 1708 ruri

256 1754 407 1817 celebrari
441 1761 585 1833 poscent;
621 1760 778 1832 quantum
811 1754 1020 1816 Athenienses
1043 1754 1145 1815 uitam
1169 1759 1324 1833 agrestem

253 1861 515 1935 desiderauerint,
549 1867 586 1921 ut
620 1879 691 1921 eam
720 1860 852 1921 obrem
876 1880 929 1922 eos
953 1859 1028 1921 belli
1052 1861 1193 1922 maxime
1216 1871 1324 1940 pertae-

253 1968 353 2041 deret,
389 1967 469 2028 bene
504 1968 633 2029 scimus.
667 1967 875 2045 quamobrem
901 1968 987 2029 haud
1011 1974 1123 2046 aptum
1147 1969 1269 2040 fuisset,
1297 1968 1325 2029 si

256 2074 503 2153 Dicaeopolidem
538 2093 575 2134 ea
609 2074 643 2134 in
677 2073 756 2134 urbe
781 2073 995 2135 celebrantem
1018 2073 1198 2136 induxisset
1220 2078 1323 2154 poeta.

256 2182 316 2242 hoc
328 2181 502 2260 quominus
514 2180 690 2253 credamus,
704 2180 801 2241 etiam
814 2181 1030 2260 prohibemur,
1042 2181 1078 2254 si,
1090 2182 1194 2258 qualis
1205 2200 1326 2260 pompa

253 2289 305 2359 sit,
331 2293 526 2368 reputamus.
573 2306 698 2349 sacrum
719 2294 859 2367 paratur,
883 2288 1100 2368 oenophorum
1123 2297 1154 2348 et
1177 2288 1324 2367 phallum

253 2395 413 2468 uidemus,
450 2395 641 2456 cantilenam
672 2394 844 2473 phallicam
869 2394 1028 2466 audimus,
1053 2413 1125 2475 quae
1148 2394 1182 2454 in
1204 2413 1325 2474 pompa

254 2502 352 2562 rurali
376 2501 572 2574 cantabatur,
602 2507 633 2562 et
656 2502 738 2563 bano
762 2520 916 2581 pompam
940 2502 1154 2564 caerimoniam
1179 2501 1324 2580 grauissi-

257 2628 344 2669 mam
380 2608 606 2687 Dionysiorum
642 2608 813 2686 agrestium
839 2609 937 2671 iuiese
960 2615 1092 2689 apparet
1114 2629 1155 2670 ex
1178 2609 1259 2671 Plut.
1284 2608 1324 2669 de

254 2735 326 2794 cup.
352 2715 417 2776 diu.
448 2716 467 2776 8
493 2712 618 2796 (XXV),
642 2716 698 2794 qui
720 2710 740 2798 ἡ
764 2716 890 2792 πάτριος
913 2723 969 2775 τῶν
993 2712 1154 2775 Διονυσίων
1178 2710 1266 2798 ἑορτὴ
1290 2714 1323 2774 τὸ

256 2821 385 2881 παλαιὸν
410 2816 605 2902 ἐπέμπετο
630 2819 808 2903 δημοτικῶς,
833 2842 897 2883 non
915 2819 1004 2906 ἤγετο
1020 2823 1111 2883 dixit.
1143 2823 1175 2883 in
1193 2842 1322 2902 pompa,

254 2929 283 2990 si
318 2948 381 3008 qua
416 2929 487 3003 fuit,
523 2947 595 3006 quae
629 2929 670 2989 ab
704 2929 783 2990 urbe
806 2949 860 2991 rus
884 2929 1069 3005 ducebatur,
1093 2930 1161 2991 haec
1184 2930 1234 3008 agi
1258 2948 1322 2990 non

255 3042 410 3115 poterant,
450 3054 521 3113 quae
555 3036 781 3114 Dionysiorum
816 3037 881 3098 ruri
916 3037 1146 3098 celebratorum
1178 3037 1269 3115 signa
1292 3042 1323 3097 et

254 3142 373 3204 indicia
408 3150 483 3204 sunt
518 3148 549 3203 et
583 3161 710 3222 pompae
745 3144 880 3205 sollenni
915 3145 974 3204 soli
1009 3150 1084 3223 apta
1117 3148 1201 3205 sunt.
1237 3149 1269 3204 et
1295 3143 1322 3205 si

256 3250 443 3329 Dicaeopolis
467 3248 507 3310 ab
531 3249 609 3309 urbe
633 3268 686 3311 rus
709 3250 847 3324 exiisset,
872 3270 994 3311 uxorne
1017 3251 1077 3311 hoc
1100 3270 1120 3311 a
1139 3256 1222 3311 tecto
1237 3269 1323 3331 speo-

254 3357 408 3418 tauisset?
454 3355 499 3434 (u.
537 3357 600 3417 262
635 3356 671 3416 οὺ
696 3351 760 3433 δ’,ὠ
784 3357 879 3432 piram,
905 3356 969 3416 6εὼ
993 3360 1023 3438 μ’
1049 3352 1108 3417 ἀπὸ
1133 3364 1183 3417 τοὺ
1208 3360 1320 3432 τέγους,

254 3462 378 3542 πρόβα.)
422 3463 483 3524 nisi
506 3483 626 3542 pompa
649 3464 776 3526 sollenis
800 3465 913 3525 ruralis
936 3471 993 3538 est,
1017 3464 1085 3526 haec
1109 3463 1206 3525 uerba
1229 3482 1322 3542 nugae

255 3577 330 3631 sunt
364 3578 395 3630 et
429 3574 530 3649 poetae
565 3570 645 3630 uitio
680 3571 842 3632 uertenda.
890 3572 916 3632 si
951 3591 1070 3651 pompa
1093 3571 1127 3632 in
1151 3570 1228 3632 urbe
1251 3576 1323 3631 acta

255 3681 345 3749 esset,
370 3676 420 3737 uis
443 3695 554 3737 scaenae
577 3677 758 3748 imminuta,
782 3679 884 3738 immo
900 3678 1002 3739 deleta
1018 3684 1108 3740 esset.
1148 3677 1202 3739 sed
1220 3683 1322 3738 cetera

255 3784 465 3844 excutiamus.
501 3802 531 3843 u.
569 3783 633 3843 266
669 3803 728 3863 sqq
763 3784 886 3846 Gilbert
910 3786 992 3845 mele
1015 3786 1240 3864 interpretatus
1263 3791 1319 3856 est,

256 3891 312 3968 qui
334 3909 430 3951 usum
451 3889 602 3968 loquendi
617 3909 784 3968 agnoscere
800 3892 911 3952 noluit.
953 3887 1029 3969 ἕκτῳ
1045 3894 1073 3951 o’
1091 3888 1150 3951 ἔτει
1166 3885 1322 3972 (Φαλήτα)

254 4003 416 4076 προσεῖπον
429 3992 460 4063 ἐς
473 3996 522 4055 τὸν
535 3993 630 4078 δῆμον
642 3993 743 4056 ἐλθὼν
757 3993 899 4078 ἄσμενος.
923 4019 998 4059 nam
1013 4000 1147 4060 aoristus
1160 4005 1320 4078 sponsistat

255 4123 316 4165 usu
350 4104 473 4165 solenni
507 4104 623 4182 linguae
657 4124 765 4183 graecae
798 4105 833 4165 in
867 4105 985 4167 talibus
1019 4106 1125 4166 uerbis
1159 4113 1195 4166 ut
1218 4125 1266 4166 ex.
1292 4125 1318 4167 c.
