3225 5034
761 365 962 430 -llltl—

326 545 459 622 loquens
484 551 591 612 utrum
615 541 655 610 ad
679 550 831 620 gennetas
856 542 968 608 Attice
991 542 1089 606 totius
1113 543 1287 616 uniuersos,
1310 540 1395 620 quod

326 652 375 720 iis,
412 650 467 728 qui
503 649 663 718 Theoeuia
697 648 851 726 Dionysia
873 649 1008 728 agrestia
1031 668 1099 712 esse
1123 656 1247 730 putant,
1272 667 1397 718 sumere

326 775 453 826 necesse
488 762 543 829 est,
576 776 619 820 an
642 756 684 824 ad
706 764 859 834 gennetas
883 755 1130 824 Croconidarum
1155 765 1187 816 et
1210 754 1396 822 Coeronida·

326 883 399 926 rum
434 865 591 943 spectauit
625 863 751 926 orator?
798 863 936 928 dubium
970 882 1034 926 non
1070 869 1127 936 est,
1152 863 1230 941 quin
1253 867 1396 939 gennesa

326 971 348 1031 ii
373 971 433 1048 ipsi
458 972 532 1042 sint,
557 970 596 1030 de
620 969 737 1052 quibus
761 970 793 1030 in
819 970 960 1032 oratione
983 970 1096 1047 agitur,
1121 970 1189 1034 siue
1213 968 1396 1030 Croconidae

326 1078 395 1140 siue
430 1076 612 1139 Coeronidae
647 1085 731 1151 suut,
767 1096 847 1155 quos
875 1077 972 1140 etiarn
996 1077 1066 1140 aliis
1089 1077 1185 1140 sacris
1210 1075 1396 1144 muneribus

326 1184 453 1246 iunctos
488 1202 555 1244 esse
590 1203 629 1243 ex
660 1184 729 1244 aliis
753 1183 830 1244 locis
854 1184 1011 1262 suspicari
1029 1184 1113 1246 licet.
1159 1203 1231 1262 quae
1255 1202 1328 1243 cum
1352 1182 1397 1244 ita

326 1291 400 1357 sint,
438 1290 534 1352 uerba
563 1290 600 1349 τὰ
623 1290 703 1349 κατὰ
727 1286 841 1370 δήμους
866 1287 1007 1350 Aceronia
1030 1291 1074 1351 ita
1098 1289 1288 1369 explicanda
1311 1296 1395 1364 sunt,

327 1405 364 1458 ut
388 1405 497 1457 auctor
521 1398 681 1458 'lheoenia
704 1416 766 1456 non
793 1397 937 1472 Athenis,
962 1397 1016 1458 sed
1042 1399 1106 1458 ruri
1129 1398 1163 1458 in
1179 1397 1274 1460 demo
1290 1396 1397 1474 aliquo

327 1512 398 1566 acta
432 1523 498 1565 esse
534 1505 566 1563 in
602 1504 744 1564 oratione
778 1504 897 1582 legerit,
932 1504 1017 1582 quod
1050 1505 1099 1564 his
1123 1503 1228 1565 uerbis
1252 1503 1397 1564 inscitius

327 1611 492 1689 expressit.
1110 1595 1115 1602 ⁸

437 1718 575 1780 Alterius
613 1718 735 1795 generis
771 1718 955 1778 testimonia
989 1719 1084 1778 exilia
1119 1735 1283 1796 paucaque
1307 1723 1395 1787 sunt3

327 1824 413 1901 quod
438 1830 544 1886 autem
571 1824 611 1884 ab
635 1825 683 1899 iis,
708 1824 747 1884 de
765 1824 882 1902 quibus
898 1825 1046 1900 disserui;
1061 1845 1125 1888 non
1141 1824 1292 1903 pendent,
1309 1822 1396 1883 haud

328 1950 464 2009 paruum
501 1932 640 1992 afferunt
668 1931 901 1994 adiumentum.
948 1932 1084 2010 glossam
1109 1932 1192 1994 hanc
1216 1930 1396 2008 Hesychius

327 2037 462 2116 praebet:
499 2031 629 2096 Θεοίνια·
659 2037 754 2097 θυσία
779 2035 922 2098 Διονὺσου
947 2033 1111 2118 Ἀθήνησι.
1135 2037 1188 2096 καὶ
1212 2036 1287 2103 θεὸς
1310 2033 1397 2096 (leor-

328 2162 378 2210 νος
414 2138 567 2210 Διόνυσος.
615 2145 749 2204 Athenis
785 2145 871 2204 idern
908 2146 993 2205 ualet
1023 2153 1118 2223 atque
1142 2145 1267 2216 atticus,
1293 2151 1328 2204 ut
1351 2161 1397 2204 so-

328 2252 371 2311 let
381 2246 412 2329 ¹).
449 2270 489 2310 ex
512 2271 559 2324 ec,
577 2251 662 2329 quod
680 2251 840 2311 'Pheoenia
856 2251 951 2310 tonia
968 2253 1177 2331 appellantur,
1195 2251 1396 2323 sacrificium,

328 2357 414 2435 quod
451 2359 675 2436 perpetrabant
708 2358 892 2419 Croconidae
915 2360 966 2419 uel
991 2360 1090 2420 altera
1112 2377 1197 2436 gens,
1223 2357 1398 2437 principale

328 2465 426 2528 fuisse
462 2465 668 2526 manifestum
704 2471 760 2525 est.
821 2465 973 2544 Dionysia
1008 2466 1142 2543 agrestia
1165 2465 1191 2526 si
1220 2464 1340 2526 auctori
1364 2464 1398 2524 in

329 2572 437 2634 animo
472 2573 616 2646 fuissent,
653 2592 729 2632 uoce
766 2573 861 2630 tucia
895 2592 972 2634 usus
1008 2593 1072 2632 non
1107 2579 1198 2646 esset,
1233 2571 1289 2633 sed
1320 2590 1398 2631 uoce

330 2673 417 2757 ἑορτή
443 2677 493 2756 (cl.
519 2680 559 2757 gl.
586 2677 748 2750 Διονύσια).
796 2681 965 2757 templum,
991 2681 1042 2741 cui
1066 2699 1182 2740 nomen
1199 2679 1398 2739 Theoeniurn

328 2791 405 2858 erat,
441 2785 538 2846 luisse
570 2791 726 2846 testantur
749 2787 860 2864 glossae
884 2806 933 2849 an.
960 2786 1093 2847 Bekkeri
1117 2786 1132 2846 Ι
1158 2787 1232 2857 264,
1257 2784 1397 2863 Etymol.

329 2911 447 2969 magn,
481 2892 570 2953 Phot.
597 2891 737 2951 Θεοίνιον·
764 2886 843 2970 ἱερὸν
869 2890 1021 2952 Arciloco.
1069 2893 1101 2952 in
1126 2894 1186 2953 hoo
1209 2893 1330 2971 tenrplo
1353 2895 1399 2951 ni·

331 2998 448 3060 mirum
484 2998 644 3062 Theoenia
673 2999 863 3077 agebantur;
893 3020 931 3059 ex
956 3019 1019 3077 quo
1043 3019 1078 3059 ea
1103 3019 1166 3060 non
1189 2999 1340 3059 omnibus
1364 2998 1400 3060 in

329 3105 432 3166 demis
461 3116 531 3166 acta
555 3125 622 3167 esse
647 3107 845 3184 perspicitur,
870 3126 943 3167 curn
968 3107 1064 3166 fuerit
1087 3106 1125 3167 iis
1148 3107 1306 3184 templum
1330 3124 1400 3184 pro·

330 3213 448 3289 prium.
496 3213 643 3290 adiungit
666 3213 799 3274 Photius
824 3214 883 3274 hoc
908 3208 958 3295 ἀφ’
988 3206 1021 3271 οὗ
1045 3213 1098 3271 καὶ
1122 3215 1214 3287 γένος.
1263 3212 1340 3289 quid
1365 3211 1399 3271 id

330 3318 391 3379 sibi
427 3320 518 3380 uult?
543 3338 621 3379 num
646 3339 722 3396 gens
746 3340 762 3379 e
787 3321 862 3380 lano
887 3326 955 3380 orta
979 3318 1034 3400 (sic
1058 3320 1217 3380 Fritzsche
1241 3320 1339 3379 Mant.
1366 3319 1404 3391 6}

331 3426 381 3484 uel
416 3427 576 3503 appellata
610 3427 695 3487 erat?
743 3427 838 3487 huius
872 3433 979 3488 autem
1003 3427 1143 3487 nominis
1166 3433 1292 3504 gentem
1317 3428 1400 3485 inter

329 3551 450 3606 omnes,
483 3552 562 3610 quas
587 3534 733 3612 Toepffer
757 3536 822 3594 Att.
848 3534 927 3596 Gen.
953 3535 1087 3611 collegit,
1113 3554 1177 3594 non
1203 3533 1397 3596 inueuimus.

330 3640 431 3715 glossa
457 3641 681 3717 perspicuitate
706 3644 846 3719 reglecta
862 3643 896 3701 in
921 3642 1015 3702 breue
1039 3642 1166 3701 redacta
1181 3648 1237 3708 est,
1256 3647 1291 3699 ut
1307 3658 1346 3702 ex
1362 3658 1400 3700 ea

331 3745 390 3805 hoc
425 3753 550 3806 tanturn
586 3747 752 3820 efficiatur,
789 3756 825 3808 ut
859 3767 935 3825 gens
970 3749 1117 3826 quedam
1141 3766 1215 3807 cum
1240 3745 1400 3805 Theoenio

441 3991 459 4058 ¹)
486 3993 619 4059 Tcepffer
645 3997 703 4047 Art.
732 3995 804 4047 Gen.
824 3995 884 4050 255.
906 3996 998 4050 Haloa
1018 3999 1101 4046 uocat
1120 3993 1208 4046 schol.
1228 3993 1321 4045 Rohd.
1340 3990 1401 4059 ἑορ-

331 4078 766 4151 tl=2³Atl÷1vcozv‚atHarpoer.
787 4102 814 4150 p.
834 4083 869 4136 99
889 4082 909 4131 ἑ.
930 4081 1045 4151 cerritu.
