3225 5034
757 425 935 484 ..16...

312 602 367 665 sed
392 603 571 665 Gilbertum
597 603 744 664 asianum
768 603 919 663 Lenaeum
944 602 977 662 in
1002 601 1110 662 animo
1134 600 1250 661 habere
1273 600 1383 660 uerisi.

312 709 386 770 mile
421 710 480 786 est)
525 709 713 770 Lenaeonem
739 710 853 770 Lenaea
875 709 909 769 in
934 713 1074 769 mentem
1099 726 1256 780 reuocare,
1281 725 1378 784 quare

311 815 409 877 uerba
442 811 518 876 καθ’
554 812 586 875 ὃν
621 816 674 875 καὶ
710 817 746 875 τὰ
773 812 897 897 Λήναια
921 810 990 893 παρ’
1022 810 1207 896 Ἀθηναίοις
1229 832 1248 873 a
1270 813 1379 874 Proclo

311 922 421 984 addita
444 942 520 984 esse.
558 923 673 996 uerbis,
699 942 770 1002 quae
794 922 936 984 Gilberto
960 942 1025 983 non
1046 922 1253 992 conueniunt,
1270 920 1381 981 deletis

311 1029 379 1090 haec
414 1035 547 1091 restant:
583 1025 603 1111 ἢ
631 1030 680 1090 τὸν
705 1025 861 1111 Ἑρμαῖον,
887 1023 921 1096 ὃς
945 1023 1007 1088 ἐστι
1032 1028 1108 1109 μετὰ
1133 1028 1181 1086 τὸν
1206 1021 1381 1095 Βουκάτιον,

312 1131 386 1195 καθ’
420 1132 451 1196 ὃν
475 1136 588 1195 καὶτὰ
613 1131 735 1219 Λήναια
759 1132 830 1215 παρ’
855 1131 1047 1216 Ἀθηναίοις,
1074 1154 1145 1213 quae
1170 1134 1293 1196 Gilbert
1316 1152 1381 1194 suae

312 1244 476 1305 sententiae
511 1244 688 1305 consentire
723 1223 880 1315 credebat,
916 1260 990 1304 oum
1026 1242 1195 1303 Bucatium
1226 1241 1381 1302 Gamelio

305 1370 386 1434 nem
411 1369 477 1412 esse
500 1357 627 1429 putaret
651 1358 682 1411 et
705 1351 892 1411 Hermaeum
917 1349 1203 1419 Anthesterionem,
1228 1347 1268 1408 ad
1285 1366 1381 1425 quem
1470 1386 1473 1391 ι

313 1476 456 1518 mensem
496 1458 609 1518 Lenaea
647 1457 802 1536 pertinere
839 1456 963 1517 efficere
998 1456 1108 1516 uoluit.
1158 1455 1211 1515 sed
1248 1473 1288 1514 ne
1322 1453 1382 1514 hoo

314 1564 445 1642 quidem
481 1564 576 1624 modo
613 1564 769 1624 scholium
805 1563 839 1622 in
875 1581 948 1623 suas
983 1569 1087 1641 partes
1121 1562 1244 1622 trahere
1268 1565 1380 1640 potest,

313 1654 469 1748 quoniam
516 1671 701 1731 Hermaeum
749 1669 928 1731 Gamelioni
969 1669 1157 1748 respondere
1196 1668 1380 1747 reperimus.

314 1777 522 1855 quamobrem
571 1776 668 1837 uerba
706 1778 760 1837 illa
799 1777 989 1855 explicanda
1027 1776 1133 1855 potius
1177 1794 1274 1852 quam
1313 1774 1382 1834 eici·

316 1884 399 1944 enda
421 1892 505 1945 sunt.
772 1892 774 1897 '

421 1991 447 2051 E
483 1991 608 2052 duobus
638 1989 781 2069 partibus
805 1990 963 2051 scholium
988 1996 1130 2050 constare
1155 1989 1277 2050 Gilbert
1301 1995 1383 2049 recte

315 2098 436 2171 statuit,
472 2116 608 2175 quarum
644 2097 797 2176 posterior
832 2096 872 2157 ad
909 2096 1115 2157 Plutarchum
1147 2116 1211 2156 non
1235 2096 1380 2174 pertinet.

315 2204 505 2283 Hesychius,
532 2206 587 2282 qui
609 2206 745 2283 glossam
763 2204 885 2277 recidit,
903 2205 1008 2265 uerius
1025 2222 1121 2282 quam
1139 2203 1267 2264 Proclus
1285 2198 1383 2260 ἔνιοι

319 2307 351 2371 δὲ
376 2312 424 2370 τὸν
448 2306 592 2391 Ἑρμαῖον
618 2312 704 2384 dicit,
730 2311 814 2389 quod
840 2317 876 2372 ut
898 2312 966 2390 ipse
982 2311 1217 2388 excogitauerit,
1235 2309 1302 2369 fieri
1319 2329 1384 2369 non

315 2424 419 2497 potest
431 2413 463 2494 1).
512 2438 528 2479 e
562 2419 665 2497 priore
700 2423 799 2497 parte,
831 2437 928 2496 quam
953 2418 1140 2478 Plutarchus
1164 2417 1299 2495 scripsit,
1324 2417 1383 2477 Bu·

316 2526 435 2587 catium
472 2526 690 2586 Gamelionem
721 2543 787 2586 esse
811 2525 871 2585 uiri
896 2524 980 2586 docti
1005 2526 1207 2602 collegerunt.
1249 2525 1316 2585 eius
1340 2532 1383 2585 ta-

317 2651 390 2692 men
419 2631 616 2710 temporibus
641 2632 810 2693 Bucatium
835 2632 1001 2693 Posideoni
1026 2632 1225 2710 respondisse
1249 2638 1381 2703 constat,

316 2739 372 2817 qui
407 2739 526 2800 mensis
561 2739 675 2799 atticus
703 2743 774 2798 tum
797 2738 959 2799 incidebat
982 2739 1015 2799 in
1040 2739 1226 2799 Ianuarium
1250 2740 1324 2811 fere,
1350 2739 1383 2796 in

316 2864 380 2923 quo
415 2846 461 2906 sol
497 2846 716 2924 capricornum
753 2846 965 2924 percurrebat,
1000 2847 1055 2924 qui
1078 2847 1167 2909 locus
1191 2845 1266 2905 anni
1290 2851 1383 2904 antea

316 2953 512 3014 Gamelionis
548 2952 619 3012 iuit.
667 2951 854 3012 Plutarchus
890 2971 962 3030 ergo
991 2954 1178 3013 Lenaeonem
1203 2951 1383 3012 Gamelioni

315 3058 503 3138 respondere
530 3077 594 3118 non
618 3064 818 3136 cognouerat,
844 3058 930 3135 quod
954 3077 1028 3119 eum
1052 3059 1130 3119 scire
1153 3057 1292 3118 euerbis
1315 3060 1383 3118 eius

315 3167 412 3243 uulgo
437 3165 641 3226 concludunt.
678 3165 705 3225 si
728 3164 815 3225 enim
839 3184 875 3225 ea
899 3165 1006 3244 opinio
1030 3165 1098 3225 eius
1122 3172 1211 3237 esset,
1234 3172 1270 3225 ut
1286 3184 1382 3242 quon-

317 3273 392 3333 dam
427 3273 541 3333 Lenaeo
576 3272 720 3333 Gamelio
753 3272 905 3332 Bucatius
928 3272 1013 3332 idem
1038 3272 1149 3331 luisset
1174 3273 1301 3340 mensis.
1326 3290 1385 3331 sua

317 3386 408 3440 aetate
443 3379 533 3439 aliter
567 3397 633 3439 esse
662 3379 784 3439 tradere
810 3377 954 3450 debebat,
982 3383 1016 3437 ut
1041 3376 1079 3437 de
1104 3377 1155 3437 die
1179 3397 1294 3456 pugnae
1318 3378 1383 3437 Pla·

429 3605 448 3673 1)
476 3608 504 3659 si
523 3607 587 3674 quis
612 3608 699 3660 etiam
728 3608 802 3659 hanc
822 3611 930 3673 partem
952 3608 1105 3661 Plutarcho
1129 3609 1286 3661 attribuere
1306 3608 1381 3670 uelit,

318 3698 391 3750 nihil
419 3698 455 3750 ad
482 3712 551 3749 rem.
580 3697 605 3749 si
624 3697 665 3749 ita
684 3701 736 3761 est,
758 3697 875 3749 alteram
896 3699 1069 3751 sententiam
1089 3713 1132 3761 eo,
1152 3698 1228 3762 quod
1249 3698 1387 3750 Bucatins

318 3786 438 3852 frigidus
468 3791 512 3838 est
531 3791 560 3839 et
578 3787 614 3838 ad
634 3783 750 3854 βούδορα
768 3786 898 3852 quadrat,
918 3787 1036 3839 alteram
1056 3802 1098 3851 eo,
1118 3787 1194 3852 quod
1213 3788 1383 3840 Lenaeonem

319 3881 348 3928 et
375 3877 478 3928 Lenaea
505 3875 595 3940 affert,
624 3875 734 3942 probat,
763 3876 814 3928 sed
843 3880 906 3927 utra
929 3875 1106 3941 praeferenda
1124 3876 1170 3939 sit,
1191 3892 1249 3927 non
1268 3876 1384 3928 indicat.

318 3970 380 4018 tum
408 3965 486 4017 haud
513 3964 586 4017 bene
614 3965 679 4030 egit,
708 3965 757 4030 qui
784 3980 843 4016 non
872 3979 913 4028 ea,
942 3980 1005 4029 quaa
1021 3960 1212 4017 'similitudine
1231 3966 1384 4017 uerborum

319 4054 428 4105 incerta
447 4052 554 4117 nititur,
574 4053 679 4105 reiecta
697 4068 769 4119 eam,
788 4069 852 4118 quae
873 4053 990 4119 optimis
1004 4053 1179 4117 argumentis
1193 4055 1383 4118 confirmatur,

319 4146 454 4194 tueretur.
