3225 5034
770 396 948 463 ..72-

322 577 465 662 ὲπῄνεσα,
489 574 647 645 ἀπέπτυσα
667 577 747 656 (Pax
770 595 801 639 u.
827 573 913 659 528),
933 569 1035 658 ἥσθην
1050 576 1091 639 ad
1107 582 1235 656 tempus
1250 593 1390 654 praesens

322 689 456 755 retertur
489 687 532 764 (u.
568 705 617 751 ex.
653 705 679 751 c.
715 682 885 758 Delbriiok,
921 682 1011 763 Synt.
1040 683 1167 745 Forsch.
1199 683 1245 744 IV
1272 682 1334 746 108
1358 686 1392 747 et

322 802 405 861 artes
438 793 672 873 grammaticas,
700 789 947 857 Kiihner-Gerth
972 790 992 868 ξ
1014 790 1091 863 386,
1117 790 1136 851 9
1160 785 1334 870 aliasque),
1358 793 1390 849 et

321 902 357 971 in
391 906 498 971 nostra
532 901 642 978 lingua
674 903 830 979 praesentc
862 903 1004 977 tempore
1037 896 1211 963 uertendus
1240 904 1297 959 est.
1344 895 1391 957 sic

322 1028 395 1087 ergo
411 1008 587 1085 «torulum,
599 1007 723 1082 Pholoe,
736 1010 907 1089 postquam
920 1002 1045 1075 foedere
1056 1022 1114 1087 pro
1126 1022 1178 1067 me
1190 1009 1222 1063 et
1234 1003 1314 1065 meis
1326 1002 1391 1067 icto

322 1135 341 1177 a
364 1115 498 1194 negotiis
528 1119 560 1175 et
582 1113 698 1194 pugnis
722 1117 754 1173 et
776 1109 945 1175 Lamachie
968 1108 1120 1171 liberatus
1142 1116 1233 1172 sexto
1257 1110 1389 1175 demum

321 1241 407 1287 anno
438 1222 530 1291 letus
553 1221 587 1281 in
611 1238 730 1300 pagum
753 1218 861 1290 ueni»;
886 1211 988 1277 ἐλθών
1012 1217 1265 1295 ‹autgebroohen
1281 1216 1389 1279 seiend

322 1328 405 1395 nach
439 1328 512 1389 dem
549 1327 684 1391 Demos»
722 1326 775 1409 uel
813 1324 887 1389 «anf
921 1323 995 1387 dem
1031 1324 1126 1403 Wege
1153 1344 1226 1386 zum
1250 1325 1386 1387 Demos»

322 1430 458 1518 (Gilhert
478 1430 513 1516 ¹p
537 1433 601 1511 57),
625 1433 677 1497 uel
704 1432 818 1511 «going
840 1427 948 1513 (forth)
971 1436 1004 1494 to
1027 1451 1083 1510 my
1106 1431 1218 1493 derne»
1245 1428 1391 1512 (Piokard

321 1562 353 1624 p.
381 1538 434 1622 72)
459 1560 545 1605 mera
567 1547 616 1603 est
638 1537 856 1619 tergiuersatio
878 1557 982 1617 neque
997 1538 1221 1603 consuetudini
1236 1537 1390 1617 loquendi

321 1649 480 1715 conuenit.
528 1648 635 1725 itaque
671 1666 711 1707 ex
733 1644 840 1711 uerbis
875 1644 1098 1724 Aristophanis
1132 1644 1253 1728 ipsius..
1267 1646 1293 1705 si
1318 1645 1392 1724 quis

322 1756 364 1821 sit
386 1774 507 1834 aequus,
531 1753 685 1833 Dionysia
706 1751 825 1815 ruralia
847 1751 945 1817 etiam
967 1751 1032 1817 ruri
1055 1752 1107 1830 agi
1130 1758 1270 1831 apparet.
1315 1771 1391 1830 quo·

323 1861 419 1931 modo
454 1861 522 1925 haec
557 1866 627 1925 acta
661 1859 734 1932 sint,
767 1858 999 1932 examinemus,
1028 1858 1105 1936 quio
1127 1859 1250 1920 Gilbert
1275 1858 1334 1921 hac
1357 1879 1392 1923 re

283 1995 288 2001 ·
323 1968 464 2037 maxime
487 1968 609 2033 nititur.
634 1985 665 2028 u.
684 1966 747 2027 202
765 1964 843 2026 dicit
857 1964 1047 2044 Dioaeopolis
1063 1960 1125 2034 ἄξω
1141 1964 1178 2024 τὰ
1194 1962 1259 2025 κατ’
1279 1961 1393 2043 ἀγροὺς

324 2069 423 2140 εἰσιὼν
437 2070 587 2137 Aternum.
617 2067 715 2163 eterna
727 2091 803 2137 oum
816 2071 927 2135 ceteris
939 2091 1004 2134 non
1016 2072 1165 2147 cohaeret;
1184 2092 1259 2133 nam
1271 2072 1306 2132 in
1319 2072 1391 2134 aedi·

323 2182 384 2248 bus
407 2180 560 2263 Dionysia
574 2199 665 2258 agere
681 2180 801 2257 nequit,
818 2178 879 2240 sub
894 2179 972 2241 diuo
988 2197 1114 2243 neccsse
1130 2186 1191 2253 est;
1217 2179 1277 2240 hoo
1292 2180 1393 2241 uerbo

323 2292 417 2370 posta
441 2307 513 2348 eum
538 2307 558 2351 a
579 2305 684 2351 soaene
707 2285 793 2346 abire
817 2291 944 2346 tantum
968 2286 1134 2364 significat,
1158 2292 1195 2348 ut
1219 2287 1284 2351 fien'
1301 2288 1391 2349 solet.

322 2395 357 2463 in
381 2394 464 2457 aedes
494 2394 590 2472 igitur
612 2392 751 2455 urbanas
774 2392 963 2471 Dicaeopolis
986 2392 1096 2454 introit
1118 2400 1149 2453 et
1176 2393 1394 2472 Amphitheus

324 2501 405 2577 abiu
441 2519 545 2562 scaena
574 2518 677 2564 uacua
700 2505 756 2563 est.
781 2506 852 2559 tum
875 2499 965 2561 uenit
988 2499 1241 2561 Acharnensium
1266 2501 1392 2561 chorus,

226 2625 235 2638 ’
324 2627 420 2689 quem
454 2609 561 2671 locum
589 2606 749 2671 orchestra
772 2624 858 2669 nuno
882 2611 1092 2685 representet,
1117 2607 1290 2679 nescimus;
1314 2627 1393 2671 nam

324 2715 385 2777 hoo
419 2715 452 2775 in
488 2715 591 2794 Pnyce
619 2713 687 2774 fieri
721 2720 835 2792 aptum
870 2732 935 2773 non
965 2718 1021 2786 est,
1044 2733 1149 2792 neque
1172 2714 1287 2775 chorus
1310 2715 1394 2777 ullas

325 2821 409 2885 aedes
431 2821 578 2901 respexit,
626 2820 845 2883 Acharnenses
869 2820 1101 2901 Amphitheum
1125 2821 1327 2899 insequentes
1351 2819 1393 2882 ad

324 2929 431 2991 locum
466 2920 668 3006 nescioquem
703 2927 885 3006 peruenisse
919 2933 1046 2989 tantum
1080 2927 1183 2988 dicere
1210 2945 1391 3007 possumus.

325 3034 451 3103 chorico
486 3039 612 3095 cantato
639 3052 670 3098 u.
708 3033 771 3099 237
806 3054 848 3094 ex
870 3033 992 3097 aedibus
1016 3033 1209 3110 quibusdam
1234 3034 1394 3113 Dicaeopo-

325 3140 424 3205 lidem
450 3133 611 3224 εὐφημεῖτε
633 3139 799 3204 iubentem
822 3139 967 3203 andiunt.
1003 3139 1061 3203 has
1085 3139 1168 3201 sedes
1190 3141 1310 3203 rurales
1326 3159 1393 3202 esse

327 3249 436 3327 aliquo
471 3247 567 3309 modo
601 3266 650 3307 ex.
686 3265 712 3311 o.
744 3246 980 3327 scaenographia
1007 3246 1220 3323 significatum
1244 3254 1305 3316 est;
1330 3266 1395 3325 quo

326 3356 361 3421 in
395 3355 489 3415 demo
523 3355 592 3419 sitae
626 3353 702 3440 sintR
725 3353 833 3417 minus
857 3352 897 3413 ad
920 3372 988 3413 rem
1011 3354 1156 3432 pertinet,
1180 3372 1284 3431 neque
1308 3373 1395 3416 cura·

326 3480 401 3527 uere
424 3467 628 3541 spectatorem
652 3481 739 3525 nuno
762 3468 871 3525 autem
894 3461 1000 3525 sciunt
1022 3460 1154 3525 chorum
1177 3479 1305 3540 quoqne
1328 3459 1396 3523 ruri

326 3585 394 3633 ease
411 3567 617 3646 fabulamque
633 3568 699 3631 ruri
714 3569 765 3646 agi
780 3568 1037 3645 orchestramque
1053 3586 1106 3631 rus
1121 3574 1195 3633 ante
1211 3566 1294 3628 aedes
1310 3587 1394 3629 rure-

326 3674 372 3744 lee
396 3673 618 3753 Dicaeopolidie
637 3681 871 3754 repraesentare,
888 3674 973 3753 qnod
989 3674 1191 3737 cauillatione
1206 3693 1281 3739 oum
1298 3675 1395 3737 Dioae·

328 3779 454 3861 opolide
477 3781 649 3860 incipiente
672 3781 769 3842 etiam
793 3781 894 3859 magis
918 3782 1029 3845 elucet.
1054 3780 1149 3843 ohoro
1168 3800 1199 3842 u.
1218 3781 1393 3845 385--392

328 3893 461 3955 canente
485 3888 672 3968 Dicaeopolis
695 3887 736 3949 ad
760 3888 844 3951 aedes
867 3887 1030 3967 Euripidis
1052 3887 1087 3958 it.
1112 3906 1176 3966 quo
1191 3887 1276 3949 iacto
1291 3906 1396 3950 serena

329 4000 482 4068 mutatur,
517 3995 579 4069 uel,
603 4001 640 4056 ut
668 3994 737 4059 haec
759 3995 858 4059 uerba
881 3995 1048 4068 enitemur,
1072 3994 1232 4057 orchestra
1253 3995 1336 4057 alius
1359 3993 1396 4055 fit

329 4102 427 4169 locus.
461 4101 487 4165 si
511 4101 583 4183 quis
606 4106 734 4185 poetam
757 4121 823 4163 non
846 4107 913 4169 tam
937 4102 999 4167 cito
1023 4119 1173 4183 personas
1195 4120 1266 4167 rure
1289 4102 1324 4162 in
1347 4120 1396 4163 nr·
