3225 5034
769 408 845 445 ...11

298 553 418 618 paginas
446 552 553 616 affero).
591 552 616 602 is
645 553 861 618 inuestigationi
882 555 1017 619 *priorum
1047 558 1135 608 finem
1163 559 1309 625 imposuit,
1338 568 1370 615 ut

296 665 349 702 eos
378 650 464 716 uiros,
494 649 662 718 Scaligerum
691 649 834 703 Seldeaam
857 650 1050 704 Rulmlceaiam
1069 655 1207 721 aliosque,
1227 659 1369 723 respicere

299 765 372 814 opus
400 765 459 801 non
478 750 523 801 sit.
562 750 610 815 qui
633 765 696 814 quae
715 751 890 816 censuerint,
910 752 1043 816 cognosci
1063 758 1159 818 potest
1178 770 1194 804 e
1213 763 1369 821 conspectu

298 846 485 911 lucidissime,
504 863 521 898 a
540 863 596 912 quo
615 847 732 898 Boeckh
752 847 904 912 opiniones
919 863 1019 899 eorum
1032 864 1183 914 exponens
1196 852 1369 917 disquisitio·

298 945 344 996 nis
373 961 432 996 suae
461 946 537 1010 cepit
564 944 688 996 initium.
726 949 806 996 tanta
826 952 888 996 erat
906 946 1062 997 auctoritas
1082 948 1137 998 uiri
1157 949 1368 1013 praeclarissimi

298 1048 327 1094 et
355 1049 413 1094 tani
442 1043 603 1095 luculenter
621 1043 779 1109 disputatio
798 1043 932 1094 instituta
951 1050 1020 1106 erat,
1041 1049 1072 1095 ut
1091 1044 1236 1110 plerisque
1258 1063 1368 1112 persua·

298 1141 379 1192 deret
398 1141 572 1193 sententiam
593 1157 674 1193 suain
695 1157 793 1192 uerarn
813 1157 886 1206 esse,
906 1157 1078 1206 quamquam
1097 1143 1117 1194 ii
1132 1158 1191 1194 non
1205 1144 1369 1212 defuerunt,

298 1240 345 1305 qui
375 1255 438 1291 eam
464 1239 676 1305 impugnarent.
714 1240 823 1305 primus
852 1240 908 1290 luit
929 1237 962 1290 F.
993 1238 1016 1290 V.
1037 1238 1184 1302 Fritzsche,
1204 1243 1252 1307 qui
1272 1244 1370 1295 acade-

297 1337 362 1388 miae
390 1338 609 1389 Rostochiensis
635 1342 728 1388 rector
747 1352 825 1388 anno
846 1336 913 1387 1837
934 1337 989 1387 tria
1009 1345 1220 1401 programmata
1239 1342 1368 1407 scripsit:

295 1435 329 1487 de
352 1434 460 1487 Leuoeis
481 1434 683 1486 Atheniensium
699 1432 773 1501 festo
793 1433 981 1485 comirieiiatio
998 1437 1091 1499 [cirita
1110 1440 1139 1486 et
1157 1436 1284 1500 secunda,
1305 1454 1370 1503 qua-

298 1549 362 1584 rum
390 1533 502 1585 numeri
522 1533 690 1598 paginarum
711 1532 927 1591 continuantur,
947 1540 976 1581 et
995 1532 1250 1585 contmcalulionum
1270 1534 1302 1586 tle
1321 1535 1370 1587 Le·

296 1634 365 1682 oreis
393 1632 486 1682 atticis
513 1631 654 1681 mantissa.
692 1629 801 1694 recepit
829 1630 854 1679 is
880 1635 1008 1680 ueterem
1029 1629 1203 1680 sententiam
1224 1631 1369 1698 scaligeri,

296 1729 345 1792 qui
377 1729 479 1780 Lenaea
507 1743 571 1780 cum
592 1727 739 1793 Dionysiis
758 1726 921 1792 agrestibus
941 1727 1099 1789 coniunxit,
1120 1744 1206 1792 quam
1226 1730 1261 1779 de
1281 1731 1369 1781 rebus

297 1826 418 1890 singulis
442 1827 519 1878 haud
539 1827 636 1891 inepte
656 1825 803 1876 disserens
822 1826 914 1889 magis
934 1825 1030 1876 uerbis
1050 1827 1263 1877 continentibus
1283 1843 1369 1892 quam

295 1923 410 1975 idoneis
429 1923 606 1988 argumentis
627 1923 699 1975 tueri
720 1928 840 1973 conatus
861 1928 912 1973 est.
950 1923 1070 1973 alteram
1089 1924 1272 1987 sententiam,
1287 1926 1369 1976 cuius

295 2026 395 2073 auctor
422 2021 525 2073 Selden
554 2027 608 2086 est,
634 2021 674 2072 ita
702 2020 827 2071 mutauit
865 2017 901 2070 W.
925 2018 973 2071 Fr.
993 2018 1084 2072 Riirclc
1102 2022 1132 2071 in
1151 2021 1225 2073 libro
1243 2020 1300 2073 Die
1318 2020 1370 2074 Re·

296 2119 381 2186 ligion
399 2119 447 2171 cler
467 2117 597 2171 Hellcueu
616 2119 711 2170 Turici
730 2135 807 2170 anno
829 2118 898 2169 1854
917 2119 994 2170 edito
1015 2120 1069 2170 uol.
1089 2119 1127 2185 Il,
1146 2137 1173 2185 p.
1195 2119 1227 2171 tt
1247 2136 1317 2185 sqq,
1337 2127 1370 2172 ut

298 2234 363 2269 cum
383 2218 576 2269 Anthesteriis
598 2233 656 2269 non
676 2217 768 2268 solum
788 2218 900 2282 Lenaea,
921 2217 971 2267 sed
991 2217 1078 2268 etiam
1093 2218 1232 2283 llionysia
1243 2220 1369 2283 agrestia

297 2315 492 2381 coniungeret.
535 2316 609 2367 hane
638 2331 723 2381 quam
753 2316 880 2366 breuiter
909 2315 1044 2379 exposuit
1071 2315 1164 2365 Rinek
1193 2317 1368 2367 sententiam

296 2415 407 2480 peregit
438 2411 499 2466 ouo
529 2411 636 2464 (littere
662 2414 693 2463 in
722 2413 804 2477 libre,
834 2413 879 2463 cui
899 2428 1004 2462 nomen
1034 2416 1091 2463 est:
1111 2411 1167 2462 Die
1185 2412 1303 2464 Festzeit
1319 2414 1368 2464 der

297 2510 437 2564 Attiaclica
456 2511 618 2578 Dionysias,
639 2510 785 2575 Gottingae
806 2510 883 2561 1872.
917 2526 981 2561 curn
996 2526 1029 2560 eo
1043 2517 1148 2575 praeter
1161 2520 1271 2562 ceteros
1285 2518 1367 2576 agen'

295 2611 364 2662 dum
394 2618 446 2672 est,
475 2610 581 2676 quippe
610 2612 658 2675 qui
686 2609 839 2661 sententiae
859 2609 1009 2659 contrariae
1029 2609 1247 2674 copiosissimus
1266 2618 1296 2660 et
1316 2609 1369 2674 pri·

295 2710 404 2760 marius
431 2709 469 2761 sit
489 2715 635 2774 patronus,
656 2723 828 2773 quamquam
848 2707 910 2757 iure
929 2707 1159 2772 reprehenditur,
1179 2708 1255 2771 quod
1275 2722 1369 2772 neque

295 2812 465 2872 argumenta
478 2808 553 2859 bene
566 2806 710 2872 disposuit
721 2821 815 2870 neque
826 2805 897 2856 satis
907 2805 983 2856 clara
994 2821 1047 2855 nee
1058 2804 1221 2869 progressio
1232 2820 1285 2855 nec
1295 2806 1369 2856 ratio

295 2905 501 2971 disputationis
521 2912 577 2964 est;
599 2921 692 2970 neque
712 2905 738 2955 ei
759 2905 857 2955 statim
873 2921 909 2955 ex
924 2904 1069 2954 sententia
1083 2898 1369 2967 processit'euentus.

295 3008 356 3054 tum
377 3004 512 3068 primum,
532 3019 595 3055 cum
624 3001 663 3054 W.
684 3001 836 3068 Doerpfeld
855 3001 941 3053 rebus
960 3000 1150 3051 theatralibus
1164 3015 1281 3064 operam
1295 3001 1368 3052 dans

296 3102 351 3152 sibi
387 3102 580 3166 persuasisset
617 3100 780 3153 Gilbertum
819 3115 920 3151 uerum
957 3098 1114 3162 inuenisse,
1153 3099 1281 3150 maxima
1317 3115 1370 3152 sua

296 3200 466 3252 auctoritate
495 3200 592 3252 effecit
620 3200 665 3251 uir
684 3200 814 3264 illustris,
834 3205 866 3249 ut
884 3197 973 3248 animi
992 3197 1029 3247 ad
1049 3197 1225 3247 sententiam
1245 3198 1369 3249 Gilberti

295 3298 522 3350 attenderentur.
560 3305 729 3364 argumenta
749 3299 798 3348 uix
818 3298 944 3348 afferens
964 3296 1090 3347 breuiter
1103 3295 1178 3347 dixit
1191 3312 1223 3346 se
1237 3296 1368 3348 Gilberto

294 3396 430 3448 assentiri
458 3395 533 3448 Berl.
560 3396 626 3462 phil.
664 3394 983 3462 Woclieasclu·ift189(),
1008 3396 1060 3447 462
1080 3400 1109 3447 et
1129 3394 1190 3448 Das
1206 3394 1369 3463 prieclrisclre

298 3492 413 3546 Theater
423 3512 448 3561 p.
460 3495 476 3545 9
486 3511 545 3547 non
557 3496 757 3547 consentiente
768 3495 975 3546 collaboratore
986 3493 1101 3547 AEruilio
1112 3494 1209 3548 lteisclt
1220 3512 1247 3561 p.
1258 3497 1291 3547 10
1300 3513 1368 3548 ann.

294 3592 351 3644 duo
378 3599 474 3645 autem
495 3593 628 3658 discipuli
647 3600 818 3658 argumenta
837 3592 960 3644 Gilberti
980 3593 1083 3644 melius
1103 3600 1132 3644 et
1151 3593 1255 3645 clarius
1275 3595 1369 3659 dispo·

295 3691 351 3742 sita
369 3690 559 3767 repetierunt:
579 3688 613 3741 E.
634 3688 839 3754 Bodeasleiirer,
861 3691 960 3756 quiin
982 3692 1168 3757 ephemeride
1190 3690 1301 3743 Bldtter
1311 3689 1370 3758 fair

293 3786 344 3839 (las
363 3787 543 3855 (baymisclte)
564 3786 889 3854 Gymnasialschulweseo
903 3788 1010 3841 XXXI
1022 3789 1121 3856 (1895)
1136 3790 1368 3854 disquisitionem

295 3886 422 3952 scripsit:
443 3884 644 3941 Erinealrracos
662 3887 719 3940 uod
737 3887 871 3951 Lenaiou,
892 3890 922 3940 in
942 3906 999 3954 qua
1019 3906 1044 3955 p.
1064 3890 1115 3941 217
1136 3906 1197 3954 sqq.
1215 3891 1251 3941 de
1270 3900 1369 3943 nostra

293 3984 453 4049 questione
476 3985 542 4049 egit.
570 3986 642 4038 alter
671 3992 715 4038 est
734 3986 763 4040 J.
783 3986 914 4049 Piclard,
934 3989 1015 4039 euius
1035 3988 1240 4041 commentatio
1264 3987 1369 4056 Diony·

292 4095 336 4133 sos
360 4080 386 4129 ἐν
406 4078 517 4151 Λίμναις
536 4085 614 4135 inest
630 4084 661 4136 in
686 4084 740 4137 Tae
754 4085 903 4138 American
915 4086 1038 4139 Journal
1050 4087 1085 4155 of
1094 4087 1276 4156 Arcboeolepy,
1297 4087 1374 4142 VIII
