3225 5034
667 394 845 457 „97-

221 580 362 656 γινόμενα
397 574 481 654 παρὰ
516 567 709 655 Ἀθηναίοις,
745 569 776 633 ὲν
812 565 857 640 οἷς
892 567 1068 653 προτίθεται
1105 573 1290 660 (πέμματα)

222 703 287 742 τινοι
323 676 482 763 αἰσχυνοις
516 675 666 761 ἀνδρείοις
700 674 831 757 ἐοικότα,
867 680 935 760 περὶ
969 674 1008 738 ὧν
1044 679 1214 765 διηγοῦνται
1249 678 1291 753 ὡς

221 783 297 869 πρὸς
322 788 541 870 συνθηρατὴς
565 795 621 847 τῶν
647 782 814 867 ἀνθρώπων
837 795 953 867 σπορᾶς
976 792 1145 869 γινομένων.
1179 811 1218 851 ex
1243 792 1292 854 his

221 897 328 957 uerbis
363 896 487 975 phallos
522 896 661 956 adfuisse
698 894 859 968 uidemus;
895 900 931 956 ut
955 895 1214 976 Thesmophoriis
1246 900 1293 960 ita

220 1004 334 1064 Halois
366 1003 516 1080 mysteria
550 1002 677 1073 fiebant,
710 1020 845 1080 quorum
870 1002 1000 1063 feminas
1022 1004 1097 1064 solae
1120 1005 1292 1085 participes

219 1117 319 1172 erant.
373 1110 481 1188 qualia
514 1109 643 1181 fuerint,
678 1108 862 1171 audiamus:
899 1110 919 1170 l.
957 1109 998 1171 20
1034 1104 1224 1193 ἀναρωνοοσι
1259 1109 1293 1171 δὲ

220 1212 295 1297 πρὸς
319 1212 460 1298 ἀλλήλας
484 1224 580 1275 πᾶσαι
604 1210 636 1275 αἱ
659 1223 800 1291 γυναῖκες
824 1209 938 1297 αἰσχρὰ
961 1216 1014 1275 καὶ
1031 1212 1159 1297 ἄσεμνα,
1177 1217 1293 1296 βαστά-

220 1325 325 1393 ζουσαι
361 1321 427 1406 εἴδη
462 1325 626 1404 σχημάτων
654 1318 795 1404 (Rome,
821 1324 966 1403 σωμάτων
989 1320 1070 1406 mss)
1095 1319 1214 1407 ἀπρεπῆ
1239 1320 1293 1383 ἀν-

219 1428 306 1511 δρεῖά
329 1450 360 1489 τε
384 1431 437 1490 καὶ
460 1437 616 1506 γυναικεῖα
640 1466 648 1470 -
706 1466 749 1471 —
773 1466 816 1470 —
840 1465 882 1471 -
907 1465 949 1471 ——
974 1432 1151 1509 πρόσκειται
1174 1429 1206 1492 δὲ
1226 1439 1293 1500 ταῖς
1400 1493 1403 1504 ,

218 1533 381 1618 τραπέζαις
415 1538 468 1597 καὶ
509 1532 544 1597 ἐκ
583 1539 770 1604 πλακουντος
803 1539 1079 1617 κατασκευασμένοι
1114 1533 1291 1621 ἀμφοτέρων

216 1653 310 1722 γενῶν
335 1639 445 1706 αἰδοῖοι.
492 1645 647 1722 imagines
670 1645 731 1705 loci
754 1644 929 1718 muliebris,
954 1663 1026 1722 quae
1049 1645 1181 1706 rariores
1204 1656 1290 1721 sunt,

215 1754 261 1814 ob
278 1752 411 1813 eandem
429 1771 495 1812 rem
512 1751 706 1812 adhibentur
721 1769 758 1811 ac
774 1750 889 1830 phalli3
907 1770 955 1810 ex.
974 1770 999 1811 c.
1029 1751 1292 1830 Thesmophoriis

216 1859 420 1938 syracusanis
455 1856 564 1938 μθλλοι
595 1878 634 1919 ex
657 1876 781 1919 sesamo
804 1863 836 1919 et
860 1858 953 1918 melle
977 1858 1112 1919 confecti
1135 1859 1170 1919 in
1194 1860 1290 1920 hono-

214 1987 286 2027 rem
322 1967 454 2027 dearum
490 1963 794 2026 circumferebantur
821 1964 949 2042 (Athen.
974 1964 1063 2039 XIV,
1089 1965 1152 2027 647
1177 1963 1231 2044 Α);
1257 1966 1291 2026 in

215 2074 313 2134 Italia
344 2073 444 2152 phalli
469 2071 592 2145 Libero,
617 2078 722 2150 partes
745 2072 893 2131 femineas
917 2071 1037 2133 Liberae
1061 2071 1292 2133 dedicabantur

214 2180 399 2257 (Augustin.
437 2179 497 2239 ciu.
528 2179 585 2239 Dei
609 2179 664 2250 Vl,
691 2177 731 2254 9).
779 2178 956 2239 Haloorum
980 2178 1119 2257 insignia
1143 2185 1218 2240 sunt
1240 2179 1291 2241 hae

215 2287 375 2365 imagines
410 2292 442 2346 et
475 2285 722 2364 intemperantia
743 2284 927 2360 uerborum,
952 2304 1024 2363 quae
1047 2286 1192 2346 solennes
1216 2292 1292 2347 sunt

217 2394 252 2453 in
288 2394 327 2454 iis
361 2394 460 2466 festis,
495 2393 612 2471 quibus
635 2392 815 2453 fecunditas
838 2392 970 2453 elicitur.
1019 2411 1116 2470 quam
1141 2392 1290 2453 Thesmo-

218 2500 339 2579 phoriis
363 2500 481 2561 similia
496 2500 570 2573 sint,
588 2500 760 2578 unicuique
776 2499 886 2560 statim
902 2499 1050 2571 occurrit;
1069 2499 1165 2577 uulgo
1182 2504 1289 2560 autem

217 2608 324 2668 Haloa
347 2607 387 2667 ad
412 2626 547 2669 messem
571 2607 723 2667 extritum
747 2611 889 2685 spectare
911 2605 1045 2666 credunt
1060 2605 1291 2682 significatione

217 2714 359 2774 nominis
382 2713 515 2774 inducti.
552 2714 596 2774 sic
619 2714 683 2775 iam
708 2719 844 2784 ueteres3
870 2711 1076 2773 Philochorus
1099 2712 1186 2790 apud
1210 2713 1290 2773 Har·

217 2821 434 2900 pocrationem
451 2799 482 2881 et
498 2820 631 2881 Suidam
649 2816 765 2878 Ἃλιῐιοι·
784 2814 872 2901 ἑορτή
887 2813 965 2878 ἐστιν
979 2813 1104 2900 Ἀττικὴ
1119 2817 1155 2876 τὰ
1170 2813 1288 2889 Ἃλιῐια,

217 2922 254 3009 ἥν
279 2946 352 3009 φησι
376 2921 554 3008 Φιλόχορος
575 2922 785 3009 ὀνομασθῆναι
801 2919 861 2985 ἀπὸ
877 2934 928 2985 τοῦ
945 2927 1011 2985 τότε
1024 2923 1093 2992 τοὺς
1109 2919 1290 3004 ἀνθρώπους

218 3033 273 3099 τὰς
309 3031 465 3114 διατριβὰς
499 3032 657 3094 ποιεῖσθαι
688 3033 755 3113 περὶ
778 3032 834 3100 τὰς
857 3027 949 3100 ἅλως.
982 3028 1116 3108 ἄγεσθαι
1140 3028 1173 3090 δὲ
1197 3023 1289 3113 αὐτὴν

218 3159 308 3223 φησιν
344 3136 375 3200 ἐν
410 3149 450 3221 τῷ
486 3142 553 3221 περὶ
588 3136 696 3221 ἑορτῶν
731 3134 938 3207 Ποσειδεῶνος
966 3142 1070 3221 μηνός.
1096 3132 1179 3205 ἅλως
1202 3138 1289 3199 enim

218 3268 336 3323 aream,
371 3250 428 3311 ubi
463 3250 624 3309 frumenta
658 3253 814 3321 teruntur,
851 3246 1021 3324 significan
1051 3265 1149 3325 quare
1181 3240 1289 3324 ‘Alpa

217 3358 337 3417 festum
373 3374 452 3415 arcae
476 3355 766 3433 interpretabantur
790 3351 1013 3436 (Tennenfest).
1062 3354 1121 3413 hoc
1145 3371 1288 3431 recepere

217 3462 464 3545 Preller-Robert
498 3462 523 3536 1,
561 3460 624 3523 768
660 3468 691 3522 et
725 3463 906 3523 Mommsen
941 3460 1022 3520 Fest.
1058 3460 1134 3523 Ath.
1165 3480 1197 3539 p.
1223 3459 1288 3520 359

217 3570 345 3646 aliique.
393 3577 514 3629 ueteres
549 3574 656 3629 autem
692 3569 752 3629 hac
785 3568 820 3628 in
852 3587 885 3627 re
908 3586 974 3627 non
997 3571 1086 3628 tanta
1109 3567 1287 3641 concordia,

217 3680 339 3753 quanta
373 3694 459 3736 nunc
493 3680 550 3748 est,
586 3675 636 3735 usi
660 3681 743 3735 sunt.
769 3674 878 3736 anecd.
905 3673 1003 3734 Bekk.
1029 3673 1054 3746 I,
1079 3693 1110 3752 p.
1137 3675 1200 3734 384
1225 3681 1288 3735 tres

217 3788 441 3861 proponuntur
456 3782 634 3853 sententiam
653 3777 770 3840 ‘Aluos
789 3776 876 3864 ἑορτὴ
894 3777 1055 3864 Δήμητρος
1066 3779 1119 3839 καὶ
1132 3775 1285 3842 Διονυσου.

218 3891 457 3969 προσηγόρευται
493 3885 525 3946 δὲ
561 3884 611 3945 διὰ
646 3881 678 3946 τὸ
702 3896 769 3955 ταῖς
792 3884 947 3969 ἀπαρχαῖς
971 3894 1039 3956 ταῖς
1062 3880 1121 3946 ἀπὸ
1145 3895 1198 3968 τῆς
1222 3880 1287 3945 ἅλω

218 3998 284 4053 τοτε
307 3994 579 4076 καταχρήσασθαι,
598 3996 744 4077 φέροντας
761 3987 805 4060 εἰς
822 3988 991 4054 Ἐλευσῖνα
1008 3990 1028 4077 ἢ
1045 3990 1110 4054 ἐπεὶ
1127 3989 1158 4053 ἐν
1175 3987 1287 4051 ἅλωσιν

219 4098 339 4169 ἔπαιζον
364 4098 394 4161 ὲν
419 4108 455 4182 τῇ
477 4096 574 4181 ἑορτῇ.
612 4097 702 4184 ἤγετο
726 4097 759 4159 δὲ
783 4095 833 4159 ἐπὶ
857 4107 892 4181 τγγ
909 4099 1076 4182 συγκομιδῇ
1093 4108 1148 4160 τῶν
1164 4105 1286 4178 καρπῶν

1160 4222 1175 4273 l
