3225 5034
758 385 867 444 ...34
893 420 932 428 --

312 565 348 625 in
382 563 479 637 aliud,
516 563 747 636 Gamelionem,
782 562 1007 624 immutauisse
1042 562 1215 624 contendit.
1263 559 1304 643 (p.
1338 562 1379 623 39

314 677 423 733 contra
457 669 654 731 Boeckhium
689 668 780 730 dicit:
822 669 938 730 »sehon
964 669 1016 730 die
1039 659 1214 748 liuderung
1237 669 1293 730 des
1317 670 1380 730 Mo·

313 783 520 839 nutsnamens
558 777 695 841 Lenaeon
733 776 858 838 enth‘alt
892 776 985 836 einen
1015 777 1218 838 bestimmten
1251 776 1380 852 Beweis,

311 885 385 946 dass
428 884 514 946 diese
555 884 732 961 Verlegung
770 882 826 944 des
864 883 972 944 Festes
1011 883 1155 944 wirklich
1194 884 1380 961 stattgelun·

311 991 374 1053 den
409 990 507 1068 hsta).
543 991 613 1064 hoc,
649 989 735 1068 quod
768 996 843 1051 ante
866 1009 941 1051 eum
964 990 1068 1052 Rinck
1091 990 1191 1069 Relig.
1216 990 1272 1051 der
1297 991 1379 1050 Hell.

311 1098 355 1172 H,
380 1099 422 1160 86
446 1098 570 1158 inuenit
593 1103 624 1157 et
647 1097 692 1158 sic
715 1097 873 1176 exposuit,
897 1098 1104 1175 grauissimus
1126 1103 1173 1159 est
1189 1099 1381 1184 locuqargu-

312 1204 517 1266 mentationis
551 1204 628 1277 eine,
664 1204 720 1282 qui
754 1204 782 1264 si
816 1205 916 1265 falsus
942 1205 1106 1284 reperitur,
1134 1205 1245 1265 Lenaea
1269 1205 1381 1266 Game-

295 1312 395 1373 lione
434 1330 559 1390 semper
593 1318 663 1372 acta
697 1329 765 1373 esse
798 1312 973 1373 necessarie
1008 1313 1159 1389 sequitur.
1206 1312 1275 1373 haec
1311 1331 1383 1372 mea

312 1418 442 1497 quidem
478 1418 635 1480 sententis
658 1425 714 1478 est.
762 1438 838 1478 nam
863 1418 974 1492 mensi,
1000 1419 1055 1496 qui
1079 1419 1251 1480 solstitium
1276 1419 1381 1480 subse·

312 1524 478 1603 quebetur,
504 1525 638 1585 Athenis
662 1543 842 1602 numquam
865 1545 983 1586 nomen
1007 1526 1121 1587 Lenaeo
1137 1533 1213 1595 erat,
1231 1526 1285 1586 sed
1303 1545 1381 1586 sem·

311 1653 368 1712 per
403 1632 548 1693 Gamelio
572 1630 805 1710 appellabatur;
832 1651 950 1693 nomen
974 1639 1135 1693 mutatum
1159 1652 1226 1694 esse
1250 1632 1290 1693 ad
1314 1651 1381 1692 rem

312 1758 405 1800 suam
435 1737 717 1799 demonstrandam
742 1738 866 1800 Gilbert
889 1739 992 1800 finxit.
1040 1740 1125 1817 quod
1150 1740 1240 1800 aliter
1263 1740 1308 1800 sic
1331 1758 1382 1799 ex·

312 1846 408 1925 primi
444 1851 561 1925 potest:
597 1844 730 1906 Ionibus
760 1864 940 1923 numquam
975 1846 1049 1908 lasti
1072 1847 1171 1907 iidem
1195 1865 1382 1908 communes

313 1957 412 2026 erant,
437 1952 492 2014 sed
517 1952 662 2014 ciuitates
689 1971 747 2014 suo
770 1972 905 2031 quaeque
931 1953 1026 2013 modo
1049 1954 1147 2014 fastos
1171 1953 1383 2014 instituebant

313 2065 344 2121 et
379 2059 543 2120 mensibus
571 2060 702 2121 nomina
724 2059 889 2132 indebant,
913 2079 1017 2141 neque
1041 2060 1170 2121 aliunde
1194 2061 1293 2121 fastos
1316 2079 1382 2138 per-

312 2168 412 2228 fectos
440 2172 535 2248 utque
559 2167 764 2228 concinnatos
787 2166 967 2228 sumebant.
1016 2174 1052 2229 ut
1074 2173 1122 2228 tot
1147 2168 1305 2229 mensium
1330 2186 1382 2227 no·

314 2274 403 2334 mina
436 2274 621 2334 communie
648 2292 715 2334 esse
738 2274 914 2353 explicetur
936 2308 980 2317 —
1003 2274 1176 2336 Posideone
1200 2280 1308 2335 tamen
1332 2294 1382 2334 ex-

314 2388 406 2459 cepto
441 2381 549 2441 nullus
583 2380 747 2441 inuenitur
769 2381 898 2452 mensis,
923 2382 975 2442 cui
999 2382 1032 2441 in
1056 2382 1118 2442 alia
1141 2382 1271 2443 ciuitate
1294 2379 1382 2441 aliud

313 2507 430 2550 nomen
454 2487 594 2548 inditum
618 2507 683 2548 non
707 2488 749 2549 sit
772 2522 815 2530 -
838 2488 932 2549 Iones
955 2487 996 2548 ab
1019 2488 1139 2566 origine
1163 2488 1275 2549 eadem
1297 2507 1382 2548 men·

314 2595 400 2656 sium
435 2594 567 2655 nomina
601 2594 804 2673 eosdemque
828 2595 927 2656 fastos
960 2594 1111 2656 habuisse
1141 2601 1279 2656 statuere
1302 2613 1384 2673 opus

314 2721 379 2762 non
396 2708 452 2775 est,
469 2702 610 2780 primum
628 2701 714 2779 quod
730 2722 770 2762 ex
786 2701 946 2762 similibus
958 2702 1076 2762 similia
1089 2721 1214 2780 semper
1226 2701 1368 2774 existunt
1374 2725 1381 2773 ;

314 2829 331 2869 e
365 2809 454 2869 lestis
485 2809 630 2869 omnium
666 2809 781 2869 Ionum
817 2808 1044 2870 communibus
1068 2809 1200 2869 nomina
1224 2808 1384 2869 mensium

251 2959 253 2964 ·
315 2915 411 2977 ducta
449 2921 533 2990 sunt,
572 2914 689 2994 quibus
724 2916 867 2994 plerique
902 2916 995 2977 Iones
1031 2922 1174 2989 utuntur,
1212 2921 1247 2976 ut
1270 2916 1384 2975 Lenaeo

281 3047 284 3050 ⁴
315 3022 470 3101 Apaturio
494 3023 686 3101 Cyanopsio;
712 3042 865 3095 mensem,
890 3041 964 3084 cum
989 3028 1056 3083 tote
1078 3029 1161 3083 terra
1184 3021 1316 3082 floribus
1339 3022 1383 3081 in·

315 3130 451 3191 uestitur
472 3129 580 3207 (etym.
607 3148 711 3207 magn.
737 3148 761 3189 s.
787 3148 817 3188 u.
845 3125 1074 3210 Ἀνθεστήρια),
1098 3130 1230 3208 plurimi
1250 3129 1383 3189 Anthea·

315 3237 469 3297 terionem
506 3235 719 3314 appellabant.
779 3235 894 3296 deinde
930 3255 1025 3298 causa
1059 3236 1281 3297 similitudinis
1316 3254 1383 3296 mu·

315 3343 416 3404 tuatio
452 3362 577 3422 quoque
612 3343 682 3404 luit.
741 3362 818 3403 nam
853 3344 1001 3422 populus,
1036 3344 1092 3422 qui
1117 3342 1261 3405 nondum
1285 3344 1384 3403 festos

316 3450 463 3524 absoluit,
501 3470 627 3522 nomen,
664 3470 727 3528 quo
763 3450 860 3510 uicini
895 3449 1077 3524 utebantur,
1111 3452 1145 3511 in
1169 3470 1263 3512 suum
1289 3469 1384 3511 usum

284 3575 286 3581 ’
316 3557 488 3617 transtulit.
513 3557 697 3636 exemplum
722 3557 922 3617 luculentum
946 3557 1089 3636 praebent
1113 3558 1195 3618 Delii
1218 3563 1250 3617 et
1273 3557 1383 3630 Samii,

317 3664 373 3742 qui
407 3664 584 3724 Panemum
615 3682 758 3725 mensem
782 3683 801 3724 a
824 3663 961 3726 Doribus
984 3666 1154 3744 petierunt,
1179 3666 1303 3724 utiam
1327 3671 1385 3724 ter-

318 3771 451 3830 minatio
490 3789 541 3836 -ος
574 3790 593 3829 a
631 3771 742 3832 ceteris
777 3771 960 3850 discrepans
996 3772 1087 3833 docet
1102 3767 1133 3852 ¹).
1192 3772 1253 3832 hoc
1289 3770 1385 3831 modo

426 3926 445 3994 ι)
471 3928 651 3994 Quamquam
678 3930 830 3983 oblocutus
859 3934 905 3983 est
931 3931 1047 3983 Ahrens
1074 3931 1149 3982 Mus.
1177 3931 1270 3983 Rhen.
1290 3928 1384 3992 XVH,

316 4018 369 4071 336
397 4034 458 4084 sqq,
486 4019 631 4070 Panemus
655 4035 762 4072 nomen
780 4021 908 4072 ionicum
928 4036 987 4072 non
1007 4025 1061 4072 est.
1098 4021 1174 4086 quod
1194 4019 1271 4072 Sami
1289 4019 1385 4071 locum

317 4107 467 4159 solennem
495 4108 639 4160 Panemus
667 4125 726 4161 non
754 4114 843 4174 tenet,
872 4109 924 4161 sed
952 4109 1135 4175 Thargelioni
1163 4109 1328 4176 respondet,
1355 4107 1384 4160 id
