3225 5034
757 390 935 454 „35-

310 572 426 636 iisdem
450 571 608 633 mensium
634 568 820 632 nominibus
843 586 924 649 opus
947 588 1012 632 non
1035 577 1110 632 erat.
1159 586 1252 651 porro
1274 574 1308 633 in
1331 590 1379 647 eu,

311 680 398 761 quod
422 679 462 741 ad
486 682 682 759 postremum
704 678 782 739 dicit
798 674 931 748 Gilbert,
951 678 1108 740 sententia
1124 698 1161 739 ea
1176 680 1279 740 inesse
1294 679 1380 741 uide·

311 795 372 863 tur,
398 795 434 849 ut
457 786 537 848 ratio
559 785 770 847 intercalandi
793 785 879 864 apud
903 800 1014 848 omnes
1038 785 1149 846 eadem
1171 787 1276 859 inerit,
1294 778 1379 865 quod

310 894 460 974 equidem
495 908 560 955 non
594 892 833 954 affirmauerim.
882 908 958 953 narn
986 893 1068 953 Delii
1091 893 1153 953 alio
1177 906 1261 954 annu
1285 899 1380 972 atque

311 1001 522 1063 Athenienses
537 999 768 1061 intercalabant
782 1002 891 1078 (supra
907 1016 937 1079 p.
956 1001 998 1062 25
1011 996 1079 1081 sq.).
1105 1015 1302 1078 quamquam
1315 1018 1379 1060 om*

311 1122 367 1170 nee
391 1108 494 1170 Graeoi
516 1104 610 1168 ludus
629 1107 833 1186 Olympiacae
850 1112 1031 1185 ceterosque
1047 1106 1260 1180 celebrabant,
1278 1124 1380 1185 neque

310 1214 426 1277 iisdem
461 1213 626 1276 mensibus
660 1228 763 1291 neque
787 1213 900 1274 eadem
923 1214 1044 1274 ratione
1067 1213 1277 1275 intercalandi
1299 1228 1380 1293 opus

310 1330 391 1395 eran
428 1321 540 1382 eodem
575 1320 671 1381 modo
699 1320 791 1381 Iones
815 1326 943 1399 tempus
967 1336 1098 1381 sumum
1121 1314 1273 1381 feriarum
1297 1336 1379 1381 com·

312 1432 426 1509 putare
449 1430 603 1517 poterant.

419 1533 554 1596 Maximi
578 1533 734 1595 momenti
757 1534 797 1594 ad
821 1534 905 1595 hanc
928 1550 994 1595 rem
1019 1530 1272 1612 cognoscendam
1288 1540 1378 1608 esset,

311 1640 348 1717 si,
385 1658 449 1720 quo
483 1647 625 1721 ternpore
659 1636 792 1702 nomina
820 1641 980 1702 mensium
1004 1641 1136 1702 inuenta
1159 1647 1273 1714 essent,
1297 1658 1381 1702 com·

311 1755 439 1830 partum
474 1747 674 1810 haberemus.
703 1748 882 1835 'Humanis
906 1748 945 1809 iis
968 1766 1031 1808 non
1056 1748 1166 1821 utitur,
1192 1766 1304 1809 uocem
1328 1764 1381 1809 au·

311 1861 387 1931 tem,
424 1870 495 1952 qpae
525 1872 669 1917 mensem
692 1854 858 1934 significat,
884 1855 999 1934 saepius
1023 1855 1120 1916 habet
1143 1860 1179 1916 ut
1202 1870 1217 1912 τ
1241 1854 1304 1917 807
1329 1858 1380 1914 tou

313 1962 367 2044 μὲν
391 1962 550 2046 φθίνοντος
573 1962 676 2044 μηνός,
701 1964 751 2021 roi
776 1957 803 2020 δ’
825 1956 1006 2042 ἱσταμένοιο,
1031 1962 1086 2023 sed
1102 1963 1170 2023 eius
1186 1966 1279 2023 atate
1296 1976 1380 2022 men·

312 2084 361 2132 ees
396 2070 528 2130 nomina
562 2082 625 2129 non
661 2064 811 2129 habuisse
845 2088 885 2129 ex
919 2082 956 2129 eo
987 2068 1174 2130 concludere
1208 2069 1379 2130 nonlicet.

312 2176 353 2238 de
386 2174 462 2238 Hes.
488 2192 538 2256 op.
565 2176 629 2237 504
657 2175 734 2237 satis
758 2176 835 2236 dixi.
883 2176 1091 2255 atriisque
1116 2175 1211 2237 modo
1235 2175 1379 2249 disserui,

312 2283 497 2364 apparuisse
525 2296 616 2362 spero
640 2283 767 2344 colonos
790 2284 923 2343 numina
946 2298 1054 2359 secum
1078 2298 1143 2344 non
1167 2278 1306 2357 duxisse,
1324 2282 1380 2344 sed

312 2404 370 2452 suo
394 2406 537 2469 quosque
560 2389 629 2451 luco
652 2389 821 2451 inuenisse.

420 2492 470 2558 Ad
516 2497 705 2558 [sennonem
747 2484 954 2559 reuertentur.
1013 2498 1147 2558 Athenis
1184 2497 1281 2575 igitur
1318 2497 1381 2557 alia

312 2604 434 2665 ratione
457 2603 597 2665 nominis
620 2603 753 2664 indendi
776 2603 908 2683 praelata
928 2605 1042 2665 Lenaea
1057 2610 1198 2683 respecta
1213 2620 1278 2664 non
1294 2609 1378 2675 sunt,

312 2722 510 2790 quamquam
544 2711 604 2772 hoc
627 2722 736 2772 mense
759 2711 805 2772 ibi
829 2712 920 2773 utin
945 2712 1015 2773 aliis
1038 2708 1172 2772 urbibus
1195 2711 1379 2789 agebantur,

313 2814 368 2880 sed
393 2817 511 2879 mensis
535 2816 680 2880 Gamelio
704 2819 883 2896 appellatus
907 2825 962 2880 est.
996 2820 1143 2898 exempla
1159 2819 1277 2880 similia
1293 2817 1379 2878 haud

312 2940 416 3005 pauca
450 2929 534 2998 sunt,
570 2938 707 3002 quorum
738 2923 803 2985 duo
826 2926 892 2985 iam
915 2926 1017 2986 attuli.
1065 2931 1101 2986 ut
1125 2940 1225 3004 unum
1251 2924 1379 2999 addam,

313 3044 467 3105 mensem,
506 3048 581 3092 cum
619 3037 650 3091 et
688 3031 854 3109 Thargelia
892 3036 924 3093 et
946 3028 1107 3110 Plynteria
1130 3032 1379 3105 celebrabantur,

313 3137 456 3217 plerique
479 3134 732 3216 Thargelionem,
757 3136 960 3199 enitentem
985 3138 1219 3216 Plynterionem
1244 3126 1407 3217 appella‘

313 3244 400 3306 bant.
449 3244 476 3307 si
510 3245 582 3323 quis
609 3245 758 3323 postulet,
782 3249 819 3303 ut
841 3256 959 3303 nomen
983 3258 1002 3303 a
1025 3244 1147 3305 Lenoeis
1171 3244 1304 3305 ductum
1328 3244 1378 3318 sit,

313 3352 400 3431 qaod
429 3368 473 3412 eae
500 3352 621 3412 ueteres
645 3357 676 3411 et
699 3366 794 3411 sacrae
819 3350 905 3410 leriae
927 3356 1026 3425 erant,
1051 3366 1115 3423 cur,
1141 3367 1257 3429 quaeso,
1282 3351 1381 3412 Scire

313 3459 427 3539 phorio
455 3454 685 3536 aBuphuniis,
709 3458 790 3518 festo
814 3456 990 3518 sacerrimis
1014 3463 1045 3518 et
1068 3458 1293 3518 uetustissimis
1316 3456 1380 3517 riti-

314 3565 374 3628 bus
409 3570 546 3644 peracto,
582 3563 761 3642 appellatus
784 3578 848 3624 non
873 3565 941 3624 estl
986 3560 1073 3625 haud
1097 3580 1200 3643 pauca
1222 3566 1379 3643 exempla,

313 3673 407 3752 quale
431 3671 491 3733 hoc
514 3676 571 3746 est,
596 3669 671 3732 addi
694 3675 838 3750 possunt.
886 3670 1154 3750 permutationem
1178 3672 1318 3732 nominis
1339 3670 1380 3732 ad
1423 3697 1424 3700 ¹

313 3799 379 3841 rem
415 3778 611 3858 propositam
646 3778 848 3840 efficiendam
877 3778 999 3839 Gilbert
1022 3772 1267 3858 excogitauit;1)
1290 3778 1380 3838 aliter

422 3928 441 4001 ¹)
467 3932 575 3988 Iisdem
604 3936 641 3988 de
669 3935 763 3988 tausis
792 3932 916 4000 Bergkio
943 3935 1086 3988 assentire
1105 3948 1165 3989 non
1184 3908 1381 4002 possum,an

313 4022 429 4079 Griech.
449 4018 503 4077 nia
523 4022 619 4091 gesen
638 4022 689 4090 ΠΙ,
710 4023 742 4077 l'l
763 4024 875 4077 henaeis
895 4030 931 4076 eir
950 4026 1089 4077 autumno
1108 4024 1138 4075 ln
1151 4025 1277 4077 hiemem
1290 4029 1381 4077 trans·

314 4115 380 4167 latis
399 4130 507 4166 nomen
525 4113 703 4166 Gamelionis
721 4114 752 4166 in
771 4115 944 4166 Lenaeonem
964 4117 1106 4167 mutatum
1125 4124 1190 4166 esse
1209 4117 1299 4180 putat.
