3225 5034
751 431 926 491 ..32-

305 611 515 673 Athenienses
538 607 694 688 Apaturia
717 608 927 669 celebrabant.
975 608 1063 669 Sami
1085 618 1193 669 autem
1217 617 1248 669 et
1267 607 1372 686 Cyzici

306 717 561 797 Cyanopsionem
596 716 757 793 Apatureo
784 714 1038 793 subsequebatur
1060 712 1102 795 (u.
1131 734 1228 794 supra
1251 736 1280 794 p.
1307 711 1370 795 27),

304 844 345 884 ex
369 842 432 902 quo
456 822 580 884 Samios
604 831 634 882 et
658 820 820 898 Cyzicenis
843 822 997 901 Apaturia
1021 841 1058 882 eo
1082 840 1200 896 mense,
1225 822 1279 899 qui
1300 822 1370 882 Mae·

306 929 491 993 macterioni
526 929 622 989 attico
650 926 871 1006 respondebat,
896 929 947 989 cui
971 929 1043 989 festi
1067 946 1185 989 nomen
1207 928 1371 1002 indebant,

305 1056 370 1097 uno
405 1054 513 1096 mense
548 1044 620 1114 post
654 1035 864 1095 Athenienses
898 1044 930 1095 et
964 1035 1069 1096 Delios
1104 1035 1203 1113 egisse
1230 1042 1371 1114 apparet.

305 1143 435 1222 quando
453 1148 581 1221 tempus
597 1141 825 1220 Apaturicrum
844 1148 1004 1203 mutatum
1021 1143 1071 1215 sit,
1089 1142 1262 1211 nescimus;
1280 1141 1372 1202 credo

305 1260 411 1312 autem
449 1248 573 1310 Samios
607 1267 644 1308 ea
679 1265 736 1309 suo
771 1266 879 1309 mense
914 1248 1131 1323 celebrauisse,
1160 1257 1331 1326 autequam
1356 1267 1373 1307 e

305 1357 386 1418 festo
422 1355 540 1416 mensis
575 1373 693 1415 nomen
728 1354 963 1416 deriuauerunt.
1010 1356 1107 1416 aliam
1134 1355 1290 1416 rationem
1314 1356 1373 1416 Ga·

306 1463 453 1524 metionis
489 1480 555 1524 esse
591 1460 714 1523 Gilbert
736 1480 801 1520 non
825 1461 1047 1523 considerauit.
1094 1462 1230 1524 sienim
1254 1462 1372 1522 festum

307 1571 422 1632 Lenaea
456 1576 487 1629 et
522 1567 650 1642 mensis,
686 1586 759 1628 cum
795 1568 979 1646 agebantur,
1005 1570 1118 1631 Lenaeo
1141 1569 1371 1648 appellabatur,

307 1676 439 1737 nomina
462 1676 597 1735 alterum
622 1675 757 1734 alterum
781 1675 961 1746 seruabant,
987 1684 1021 1737 ut
1045 1696 1102 1737 nec
1118 1677 1237 1736 festum
1253 1673 1373 1735 differri

306 1802 364 1843 nec
398 1800 515 1842 nomen
550 1781 668 1841 mensis
697 1780 863 1842 immutari
886 1788 1001 1861 posset.
1049 1789 1202 1861 quantam
1226 1780 1372 1859 religiosi·

306 1895 405 1951 tatem
429 1889 463 1948 in
487 1887 581 1948 rebus
604 1887 700 1948 sacris
725 1889 851 1948 Graecos
874 1888 1122 1961 obseruauen'nt,
1148 1889 1228 1949 bene
1244 1888 1371 1950 scimus.

415 1994 527 2055 Fastos
549 1993 670 2055 ionicos
697 1994 780 2054 inter
802 2014 836 2055 se
859 1995 935 2057 satis
959 1995 1129 2057 dissimiles
1152 1996 1249 2056 fuisse
1266 1994 1374 2056 statim

307 2101 418 2163 tabula
441 2101 583 2179 inspecta
606 2101 718 2174 elucet,
742 2101 776 2161 in
800 2120 864 2179 qua
887 2121 939 2163 eos
962 2102 1104 2165 Bischoff
1127 2102 1306 2181 composuit
1331 2097 1373 2180 (p.

309 2209 374 2268 414
409 2204 478 2289 sq.).
526 2207 652 2267 nullum
688 2227 778 2286 paene
813 2228 955 2270 mensem
991 2210 1045 2270 alii
1080 2210 1173 2270 lones
1196 2228 1261 2269 non
1285 2208 1375 2268 aliter

308 2313 530 2394 appellabant;
569 2333 618 2374 ex.
655 2334 681 2375 c.
717 2315 1001 2394 Elaphebolionem
1036 2315 1118 2377 Delii
1153 2315 1372 2386 Galaxionem,

308 2421 409 2483 Samii
454 2421 571 2499 aliique
617 2421 825 2494 Taureonem,
872 2423 1017 2501 Cyziceni
1060 2423 1305 2484 Artemisionem
1344 2426 1375 2482 et

309 2527 557 2606 Munychionem
587 2528 675 2588 belii
710 2528 827 2607 aliique
863 2530 1117 2603 Artemisionem,
1151 2529 1264 2591 Milesii
1288 2528 1374 2589 Cala·

309 2654 464 2696 maeonem
490 2620 648 2696 uocabant
659 2630 690 2716 ¹),
715 2643 751 2697 ut
774 2637 836 2696 alia
854 2641 986 2697 taceam.
1019 2643 1151 2716 apparet
1165 2636 1261 2714 igitur
1276 2638 1374 2695 fastos

419 2808 437 2877 ¹)
464 2810 610 2877 Praecipue
643 2826 749 2863 nomen
778 2811 896 2878 mensis,
924 2827 1009 2878 quem
1038 2811 1261 2865 Artemisionem
1289 2811 1375 2863 Iones

310 2899 440 2966 plerique
467 2899 662 2965 appellabant,
689 2900 813 2952 Athenis
833 2902 980 2967 proprium
1000 2901 1204 2968 Munychionis
1223 2901 1375 2953 obseruan-

309 2989 378 3040 dum
407 2994 460 3054 est,
489 2988 565 3054 quod
593 3004 609 3040 e
638 2989 714 3040 festo
741 2989 842 3042 Dianae
870 2991 1033 3057 Munychias
1059 3005 1093 3042 eo
1112 3005 1212 3043 mense
1232 2989 1375 3042 celebrato

310 3083 404 3130 ortum
424 3082 477 3129 est.
514 3078 700 3142 quamobrem
720 3093 840 3130 necesse
859 3088 904 3131 est
923 3078 1109 3148 τετρακώμους
1125 3079 1238 3145 (Pollux
1250 3079 1300 3145 IV,
1316 3078 1377 3143 105)

310 3181 377 3219 cum
404 3166 562 3232 Munychia
589 3167 644 3219 sub
672 3166 895 3219 Atheniensium
922 3169 1076 3234 imperium
1103 3169 1235 3220 redactos
1260 3183 1324 3219 esse
1347 3172 1377 3220 et

310 3256 419 3308 cultum
439 3255 539 3307 Dianae
558 3255 722 3321 Monychiae
742 3257 842 3308 urbem
862 3257 1015 3323 recepisse,
1034 3263 1188 3323 antequam
1202 3257 1256 3309 hoc
1270 3272 1376 3308 nomen

310 3345 406 3396 mensi
433 3344 557 3396 inditum
586 3349 638 3396 est.
685 3349 824 3410 praeterea
852 3346 939 3398 huius
967 3351 997 3398 et
1024 3346 1213 3413 praecedentis
1232 3346 1376 3397 mensium

310 3434 429 3486 nomina
456 3449 472 3484 e
500 3433 579 3485 cultu
603 3433 703 3485 Dianae
723 3434 810 3486 ducta
828 3449 892 3487 esse
911 3436 1047 3487 uidentur
1066 3433 1245 3488 Calamaeone
1264 3434 1375 3486 milesio

311 3527 341 3574 et
368 3521 527 3573 Galaxioue
556 3521 640 3586 delia,
668 3523 705 3574 dc
733 3539 789 3588 quo
819 3540 919 3590 parum
949 3529 1069 3585 constat,
1096 3524 1234 3589 exceptis.
1263 3523 1314 3575 sed
1339 3522 1376 3575 ad

311 3611 446 3676 Magnam
475 3611 596 3662 Matrem
625 3626 691 3663 eum
719 3613 837 3679 referre,
865 3614 947 3666 cuius
975 3613 1096 3666 Galaxia
1123 3614 1229 3665 festum
1253 3612 1376 3664 Athenis

311 3705 408 3753 actum
436 3714 500 3751 esse
530 3714 545 3750 e
574 3698 638 3751 OIA
664 3700 693 3750 H
720 3699 774 3753 470
801 3707 831 3754 et
856 3703 952 3768 glossa
971 3702 1110 3768 Hesychii
1129 3702 1272 3766 nouimus,
1292 3701 1376 3753 ualde

312 3792 440 3841 cunctor.
479 3788 574 3854 potius
594 3789 697 3854 Apollo
716 3788 855 3843 Galaxias
873 3791 974 3857 (Procl.
994 3792 1098 3844 chrest.
1117 3806 1162 3856 ap.
1182 3791 1263 3842 Phot.
1284 3807 1311 3857 p.
1324 3789 1375 3842 321

312 3878 330 3929 b
358 3877 391 3929 31
421 3876 551 3942 Bekker),
576 3878 625 3943 qui
643 3894 761 3946 gregum
781 3884 921 3946 patronus
939 3886 1002 3932 erat
1018 3881 1065 3944 (cf.
1084 3880 1158 3932 Plut.
1178 3878 1214 3931 de
1233 3879 1316 3945 Pyth.
1336 3894 1376 3931 or.

311 3964 357 4032 29)
383 3966 566 4019 adhibendus
594 3972 647 4020 est.
684 3970 807 4021 forsitan
827 3970 920 4021 Diana
938 3984 1051 4035 quoque
1070 3983 1230 4033 cognomen
1249 3967 1377 4020 Galaxiae

311 4056 453 4120 habuerit,
474 4056 588 4107 cumin
607 4056 670 4109 eius
689 4058 779 4109 tutela
798 4074 887 4124 pecus
906 4058 1024 4124 uigeret,
1044 4057 1155 4123 quade
1174 4072 1260 4109 causa
1278 4053 1377 4123 Ταυρο-

311 4140 394 4203 allo,
426 4142 603 4214 'l‘uupopdyoq
635 4142 732 4214 Ταυρώ
764 4147 967 4212 cognominata
994 4151 1039 4198 est
1064 4145 1227 4214 (Wernicke
1256 4146 1287 4197 in
1315 4160 1377 4197 enc.
