3225 5034
709 313 910 377 -155-

384 492 498 554 Suidas
524 488 639 560 Ἀσκὸς
665 485 878 574 Κτησιφῶντος
1365 505 1491 558 LXXIX

384 619 437 678 Ar.
463 618 540 680 th.
570 618 742 679 1000—03
767 617 871 678 allatis
895 617 1012 696 pergit:
1038 611 1069 676 ἐν
1090 615 1148 695 γὰρ
1164 621 1230 683 ταῖς
1246 610 1348 680 Χοοιῖς

278 718 358 801 ἀγὼν
392 719 428 807 ἠν
464 724 532 805 περί
568 732 618 785 του
654 719 768 785 ἐκπιεῖν
798 726 914 804 πρῶτον
938 742 1003 783 τινα
1025 731 1097 805 χοᾶ·
1143 722 1198 783 κοιί
1221 717 1236 783 6
1260 728 1347 781 νικιῐνν

278 824 418 915 ἐστὲρετο
431 830 564 916 ρυλλίνῳ
576 834 712 916 στεροίνῳ
735 832 789 891 καί
801 828 895 892 ἀσκὸν
909 822 989 892 οἴνου
1002 826 1166 912 ἐλάμβανε.
1183 828 1259 910 πρὸς
1271 826 1348 889 σάλ-

277 955 386 1015 πιγγας
399 935 432 999 δὲ
445 935 554 1001 ἔπινον.
579 934 595 999 6
608 936 641 999 δὲ
657 933 819 1023 Χτησιῳὼν
831 932 874 1007 ὡς
886 937 987 1020 παχὺς
998 938 1052 998 καί
1063 939 1240 1018 προγάστωρ
1251 930 1348 997 ἐσκώ-

277 1063 373 1106 πτετο.
422 1042 541 1106 ἐτίθετο
565 1043 598 1106 δὲ
623 1039 717 1113 ἀσκὸς
736 1047 947 1129 περυσηριένος
964 1040 994 1105 ἐν
1011 1052 1047 1126 τῇ
1066 1053 1122 1104 τῶν
1137 1040 1230 1110 Χοῶν
1246 1037 1347 1126 ἑορτη,

279 1145 325 1235 ἐφ’
359 1146 394 1213 06
429 1152 497 1222 τοὺς
530 1154 668 1221 πίνοντας
702 1153 777 1233 πρὸς
807 1147 909 1230 ἀγῶνα
933 1147 1064 1213 ἑστάναι.
1112 1152 1161 1212 τὸν
1184 1143 1348 1232 προπιόντα

279 1254 311 1317 δὲ
349 1252 391 1328 ὡς
426 1263 590 1344 νικησοιντοι
625 1258 790 1342 λαμβάνειν
827 1255 930 1321 ἀσκόν.
978 1256 1075 1319 ἔπινον
1111 1256 1144 1319 δὲ
1178 1261 1286 1341 μέτρον
1321 1277 1348 1317 τι

279 1359 341 1426 οἷον
364 1375 435 1448 χοᾶ.

385 1491 478 1544 Schol.
510 1492 547 1545 ad
575 1492 722 1558 Aristoph.
750 1491 822 1544 Ach.
852 1490 921 1543 1002
948 1490 1049 1543 ordine
1068 1495 1098 1543 et
1116 1489 1213 1543 uerbis
1232 1492 1345 1542 tantum

279 1579 426 1645 paululum
448 1580 609 1634 immutatis
627 1582 728 1634 eadem
748 1581 848 1641 tradit;
868 1580 929 1634 cod.
950 1580 1020 1633 Rav.
1039 1580 1147 1633 omittit
1165 1576 1270 1630 ἐτίθετο
1289 1576 1345 1633 κτλ

278 1674 389 1722 τοίοισιν
408 1669 444 1723 de
463 1670 587 1723 Ascoliis
606 1670 684 1723 locos
703 1670 789 1723 affert
806 1670 953 1723 Fritzsche
972 1670 1114 1723 Mantissa
1132 1668 1149 1722 8
1168 1684 1229 1736 sqq.

386 1780 559 1842 Athenaeus
582 1779 613 1840 X
637 1799 667 1859 p.
694 1780 757 1841 437
782 1780 817 1840 B.
1362 1783 1475 1836 LXXX

385 1880 515 1969 Τίμαιος
549 1883 583 1946 δὲ
618 1906 716 1970 φησιν,
752 1880 794 1954 ὡς
828 1883 985 1955 Διονίσιος
1018 1882 1035 1948 6
1063 1886 1206 1967 τυραννος
1229 1893 1265 1967 τῇ
1288 1893 1345 1949 τῶν

277 1990 370 2056 Χοῶν
405 1988 493 2075 ἑορτη
524 2001 564 2074 τῳ
587 1994 693 2074 πρώτῳ
716 1988 847 2053 ἐκπιόντι
870 1986 933 2075 χοά
956 1987 1054 2053 ἆθλον
1079 1990 1175 2077 ἔθηκε
1199 1996 1345 2079 στὲρανον

278 2104 418 2183 χρυσοῦν·
443 2102 495 2161 καὶ
519 2096 564 2161 ὅτι
586 2107 702 2181 πρῶτος
726 2096 824 2170 ἐξέπιε
849 2095 1039 2184 Ξενοκράτης
1061 2096 1078 2163 6
1101 2101 1276 2186 ριλόσορος.

384 2228 532 2290 AElianus
556 2228 629 2288 Var.
654 2227 719 2289 hist
753 2227 796 2300 ΙΙ,
822 2228 861 2288 41
1363 2230 1491 2283 LXXXI

384 2334 437 2396 καί
473 2329 504 2394 ἐν
539 2331 683 2394 Διονίσου
719 2331 753 2394 δὲ
787 2341 823 2415 τη
859 2341 914 2395 τῶν
948 2329 1040 2395 Χοῶν
1075 2329 1164 2418 ἑορτη
1187 2328 1346 2416 προῦκειτο

281 2435 379 2502 ἆθλον
404 2449 443 2521 τῳ
466 2436 561 2502 πιόντι
584 2435 675 2502 πλέον
699 2443 847 2525 στέροινος
869 2448 1010 2523 χρυσοῦς·
1036 2442 1089 2502 κοιί
1113 2437 1233 2526 ἐνίκησε
1254 2436 1346 2504 Ξενο-

278 2551 393 2633 κροίτης
416 2543 432 2609 6
457 2545 684 2631 Χαλχηδόνιος,

386 2655 403 2707 l.
425 2653 440 2707 1
460 2650 489 2704 ὲκ
509 2651 645 2705 Διονυσίου
665 2654 804 2707 Hercher.
824 2653 848 2706 2.
869 2649 988 2705 πλεῖστον
1005 2655 1091 2708 idem.

386 2743 428 2798 cf.
443 2744 524 2810 Diog.
538 2744 630 2796 Lassrt.
643 2744 693 2809 IV,
707 2743 724 2795 2
736 2748 826 2812 χρυσῷ
840 2740 960 2812 στεφάνῳ
973 2742 1124 2814 τιμηθίντοι
1138 2740 1250 2812 ἐπάθλῳ
1263 2740 1347 2796 πολυ-

280 2831 374 2892 ποσίας
393 2837 447 2892 τοῖς
467 2830 552 2885 Χουσὶ
570 2833 642 2902 παρὰ
662 2830 806 2886 Διονυσίου.

493 2926 586 2987 Pueri
609 2926 702 2988 terti0
725 2945 810 2986 anno
833 2924 873 2986 ad
898 2924 1000 2987 Choes
1024 2926 1165 2988 admissi.

384 3052 594 3113 Philostratus
617 3051 742 3112 Heroic.
771 3052 810 3111 13
1364 3052 1506 3105 LXXXII

383 3153 515 3240 ἠττίκιζὲ
550 3178 580 3218 τε
617 3151 668 3217 ἅτε
698 3151 782 3239 οἶμαι
806 3152 967 3238 Σαλαμῖνα
990 3151 1079 3220 οἰκῶν
1102 3194 1147 3201 -
1169 3194 1214 3202 -
1239 3194 1280 3203 -
1303 3194 1347 3203 -

282 3261 376 3323 παῖδά
399 3284 430 3324 τε
454 3258 534 3345 σίτῳ
557 3267 726 3347 γενόμενον,
751 3260 783 3325 ὃν
807 3257 987 3349 Εὐρυσάκην
1010 3259 1045 3338 οἱ·
1064 3261 1190 3347 Ἀχαιοί
1206 3260 1345 3342 ἐκάλουν,

281 3372 332 3452 την
356 3390 387 3430 τε
412 3367 508 3455 ἄλλην
533 3368 638 3456 ἔτρεφε
662 3374 783 3454 τροφίην,
807 3369 844 3454 ἢν
861 3368 1026 3455 Ἀθηναῖοι
1042 3369 1207 3443 ἐπαινοῦσι,
1223 3373 1275 3433 καὶ
1296 3369 1345 3434 ὅτε

284 3473 452 3559 Ἀθήνησιν
487 3472 515 3539 οἱ
549 3476 656 3547 παῖδες
690 3474 722 3538 ὲν
753 3479 823 3561 μηνί
860 3474 1097 3562 Ἀνθεστηριῶνι
1132 3488 1345 3564 στεφανοῦνται

279 3591 336 3644 τιῖιν
361 3578 477 3644 ἀνθέων
501 3580 587 3665 τρίτῳ
611 3580 670 3646 ἀπὸ
694 3593 799 3663 γενεᾶς
824 3583 892 3654 ἔτει,
917 3589 1073 3670 κρατηράς
1093 3607 1122 3647 τε
1140 3586 1209 3656 τοὺς
1224 3582 1344 3649 ἐκεῖθεν

280 3688 429 3774 ἐστησοιτο
451 3692 503 3750 καί
528 3689 647 3768 ἔθυσεν,
672 3688 730 3753 ὅσα
754 3683 936 3776 Ἀθηναίοις
961 3688 1098 3776 ἐννόμῳ.
1120 3692 1345 3779 μεμνησθαιδὲ

276 3800 330 3860 καί
355 3791 444 3859 αιἰτὸν
469 3795 582 3881 ἔφασκε
607 3801 727 3861 τουτοινὶ
752 3808 806 3860 τῶν
831 3795 992 3863 Διονυσίων
1015 3801 1094 3862 κατὰ
1117 3797 1230 3885 Θησέα.

384 3925 456 3986 CIA
480 3925 539 3999 III,
568 3927 651 3987 1342
669 3953 710 3978 =
728 3927 842 3989 Kaibel
865 3928 971 4008 Epigr.
1000 3928 1061 3990 157
1363 3944 1517 3999 LXXXIII

383 4027 508 4118 ἡλικίης
529 4030 664 4109 Χοῐκιῑιν,
689 4029 705 4095 6
729 4031 762 4095 δὲ
787 4032 922 4118 δαίίμων]
947 4032 1067 4121 ἔφθασε
1090 4034 1159 4104 τοὺς
1181 4030 1277 4104 Χοίς.
