3225 5034
685 430 728 439 —-
761 397 822 457 135
855 431 897 439 -

259 575 346 646 bant,
382 583 412 634 et
448 568 581 655 Ἑκάτης
616 570 720 632 δεῖπνα
755 593 794 634 ex
830 575 942 635 eadem
977 575 1133 654 opinione
1160 587 1230 638 orta
1252 584 1329 640 sunt

257 683 366 762 (Voigt
389 683 408 741 l.
436 678 476 760 b).
524 681 662 760 denique
684 682 718 741 in
740 682 843 760 epulis
860 681 1048 744 funebribus
1064 684 1169 762 fruges
1185 686 1328 760 stolam,

258 790 377 869 quibus
408 790 508 850 Graeci
534 790 674 849 maxime
697 789 918 862 uescebantur,
944 791 1046 851 multa
1069 790 1167 852 fuisse
1190 811 1248 871 par
1271 798 1329 866 est,

259 906 292 958 et
316 898 353 957 iis
378 897 441 956 frui
466 914 576 956 manes
599 896 818 956 credebantur.

367 1003 514 1064 Nominis
540 998 659 1080 Xbrpor.
689 1002 773 1081 quod
799 1002 932 1065 debilis
1022 1004 1131 1085 χὺτραι
1150 1039 1194 1048 -
1210 1013 1331 1068 ueteres

260 1110 468 1190 accipiebant,
504 1110 587 1170 hanc
611 1109 875 1187 significationem
910 1111 1132 1189 primigeniam
1164 1131 1229 1172 non
1253 1131 1329 1188 esse,

263 1219 442 1280 Mommsen
473 1216 582 1276 Heort.
609 1237 638 1294 p.
666 1217 705 1275 24
731 1236 758 1275 a.
788 1219 825 1286 1..
852 1218 921 1277 fest.
948 1217 1021 1277 Atb.
1047 1238 1077 1297 p.
1104 1219 1168 1280 402
1192 1239 1237 1298 sq.
1263 1221 1331 1281 iure

261 1325 394 1386 asseruit
430 1325 514 1383 iocus
548 1323 692 1394 afferens,
729 1322 783 1383 ubi
813 1322 924 1402 χύτρος
947 1324 1043 1384 aliam
1067 1324 1331 1403 significationem

261 1440 357 1509 atque
380 1429 478 1511 χύτρα
502 1430 612 1501 habet;
637 1429 821 1491 Herodotus
845 1430 917 1503 Vll,
946 1430 1007 1492 176
1021 1439 1063 1510 et
1085 1431 1258 1493 Pausanias
1275 1432 1331 1506 IV,

262 1539 304 1600 35
353 1539 372 1598 5
400 1538 461 1597 hac
484 1555 561 1597 uoce
585 1537 690 1596 lacum
716 1537 780 1595 fere
804 1537 871 1596 siue
895 1537 1050 1615 piscinam
1076 1533 1253 1618 (abassim)
1275 1540 1333 1617 sig·

262 1646 407 1714 nificant3
445 1644 602 1721 Theophr.
641 1642 722 1702 Hist.
761 1644 860 1721 plant.
898 1644 953 1715 IV,
993 1646 1042 1716 11,
1073 1645 1179 1705 8alia
1202 1646 1251 1706 uis
1276 1651 1332 1718 est,

261 1772 359 1832 quarn
399 1752 467 1830 ipse
501 1751 621 1829 optime
656 1751 881 1828 interpretatur
917 1749 1103 1830 βαθὺσματα
1138 1759 1191 1834 τῆς
1226 1745 1334 1834 λίμνης

262 1861 407 1940 (»Ι]ὂ1]’»),
454 1857 646 1919 conferenda
679 1863 727 1918 est
761 1876 825 1917 uox
861 1857 901 1918 ab
935 1858 994 1917 hac
1018 1858 1161 1919 deriuata
1184 1866 1334 1939 χυτρῖνος,

262 1986 360 2046 quam
385 1964 566 2043 Hesychius
590 1983 614 2025 s.
641 1984 670 2024 u.
696 1964 835 2042 explicat
859 1964 895 2022 τὰ
918 1962 1010 2022 κοῖλα
1034 1972 1088 2046 τῆς
1109 1973 1174 2047 γῆς,
1192 1963 1230 2024 δι’
1247 1960 1286 2026 ὡν
1303 1959 1335 2026 αἱ

264 2074 358 2155 πηγαὶ
390 2068 529 2137 ἀνίενται,
556 2079 586 2132 et
610 2071 721 2149 Peripl.
749 2090 826 2131 mar,
852 2070 937 2131 rubr.
964 2092 984 2150 p
1009 2073 1051 2132 44
1076 2071 1223 2153 [tabutata
1248 2090 1335 2133 ποτα·

264 2188 322 2262 peu
347 2181 441 2240 ualet.
489 2179 514 2239 si
541 2179 599 2238 hcc
623 2178 729 2238 stricte
753 2188 909 2249 tenemus,
937 2173 1048 2256 thpor
1071 2181 1189 2240 festum
1206 2177 1335 2241 lacuum

265 2296 321 2352 est.
347 2286 432 2364 quod
458 2286 536 2345 mihi
562 2285 750 2364 persuadere
774 2303 908 2363 nequeo,
933 2305 991 2346 nec
1009 2287 1209 2347 Mommsenu
1224 2287 1334 2347 Heort.

265 2414 295 2472 p.
334 2399 374 2453 24
402 2393 527 2453 credere
552 2410 692 2470 possum,
717 2392 772 2469 qui
797 2395 914 2452 testum
939 2393 1083 2454 humoris
1106 2394 1244 2454 uernalis
1268 2411 1336 2454 esse

265 2508 366 2579 putat.
414 2500 496 2560 Fest.
533 2498 606 2559 Ath.
643 2519 674 2576 p.
701 2499 764 2559 403
788 2518 906 2559 nomen
932 2500 991 2560 loci
1018 2494 1129 2579 Xbrpct
1152 2501 1191 2560 ad
1217 2503 1336 2562 festum

265 2608 454 2667 translatum
491 2624 558 2666 esse
593 2613 694 2684 putat,
719 2605 774 2665 sed
799 2625 839 2666 ne
864 2606 923 2666 hoc
947 2606 1078 2683 quidem
1102 2607 1243 2686 accipere
1267 2624 1335 2685 pos·
1390 2669 1394 2676 ,

264 2732 347 2776 sum.
377 2732 449 2774 cum
476 2713 557 2772 rima
579 2720 679 2783 terra,
704 2731 801 2790 quam
826 2713 859 2772 in
885 2714 1054 2791 Olympieo
1077 2714 1168 2774 Paus.
1194 2713 1219 2785 Ι,
1247 2713 1335 2785 18,7

265 2822 363 2881 fuisse
400 2828 515 2890 narrat,
552 2820 591 2878 ad
628 2839 724 2897 quam
761 2820 942 2880 Mommsen
977 2839 1094 2880 nomen
1130 2821 1245 2889 retulit,
1272 2838 1338 2880 una

267 2934 404 2997 tantum,
431 2945 532 3004 neque
556 2926 666 3006 χὺτρος
690 2927 740 2999 sit,
765 2934 797 2985 et
820 2926 881 2986 hoc
897 2925 1013 2986 festum
1031 2926 1071 2986 ad
1089 2926 1167 2986 alios
1186 2927 1264 2987 tales
1280 2924 1337 3007 χὺ-

268 3052 354 3112 τρους
389 3053 453 3093 non
477 3034 641 3112 pertineat.
691 3033 738 3093 uis
762 3032 948 3111 principalis
972 3033 1060 3093 uocis
1083 3033 1195 3112 χὺτρος
1218 3051 1255 3093 ea
1278 3043 1336 3106 est,

268 3152 302 3201 ut
327 3140 466 3218 quiduis,
492 3142 524 3199 in
549 3159 612 3217 quo
636 3158 720 3217 aqua
744 3149 799 3210 est,
826 3139 991 3217 significet,
1016 3140 1124 3217 itaque
1147 3139 1257 3219 χύτρον
1280 3139 1337 3199 ini·

267 3247 312 3308 tic
335 3266 392 3306 uas
416 3247 582 3324 aquarium
608 3246 801 3324 significasse
826 3254 913 3325 pute.
961 3247 994 3306 in
1016 3254 1167 3325 promptu
1188 3246 1273 3305 enim
1291 3251 1339 3307 est

268 3353 377 3434 χὺτρον
395 3379 435 3404 =
454 3353 601 3432 βάθυσμα
638 3352 747 3434 λίμνης
776 3374 795 3413 a
818 3354 920 3433 χῢτρῳ
938 3379 977 3404 =
995 3372 1088 3414 urceo
1113 3353 1236 3413 dictum
1260 3371 1337 3426 esse,

268 3462 442 3539 prasertim
479 3462 503 3520 si
540 3480 623 3538 aqua
658 3462 690 3521 in
723 3466 857 3538 utroque
881 3469 928 3521 est
942 3456 973 3541 ¹).
1022 3459 1107 3520 haud
1132 3459 1286 3531 dubitem,
1312 3459 1340 3520 si

267 3570 451 3646 exemplum
477 3568 640 3646 antiquius
664 3568 877 3645 cognouerim,
902 3568 935 3627 in
960 3586 1024 3645 quc
1040 3566 1150 3647 χὺτρος
1166 3566 1226 3627 hoc
1243 3568 1336 3626 ualet.

268 3675 312 3735 sic
347 3683 455 3734 tamen
490 3676 554 3734 iam
591 3675 740 3752 Diphilus
776 3669 896 3733 Ἐπικλ.
934 3677 982 3751 frg
1017 3676 1056 3735 41
1083 3674 1114 3734 Κ
1138 3692 1215 3734 uoce
1239 3672 1340 3733 utitur

266 3778 389 3861 (χ”ττρον
413 3784 507 3861 μέγαν
532 3781 614 3859 παρὰ
631 3788 680 3839 τοῦ
699 3777 869 3860 pa·(sipcu);
890 3782 946 3852 uis,
968 3799 1065 3859 quam
1083 3780 1263 3858 Hesychius
1280 3781 1299 3839 l.
1317 3780 1337 3839 l.

192 3871 196 3881 ⁵
268 3890 337 3948 uoci
375 3896 513 3967 χυτρῐνος
549 3887 686 3959 ascribit,
713 3888 824 3948 eadem
849 3896 906 3961 est,
931 3907 993 3965 qua
1018 3889 1067 3949 usi
1091 3886 1249 3965 indigenae
1272 3886 1338 3946 fon·

378 4028 396 4091 ¹)
415 4031 460 4081 Sic
479 4029 591 4093 anglica
609 4045 667 4080 uox
691 4037 769 4094 ›p0t›
792 4035 822 4080 et
836 4028 922 4079 ullam
936 4033 966 4079 et
979 4024 1108 4095 βάθυομα
1122 4030 1241 4095 ποταμοῦ
1256 4026 1340 4091 signi-

269 4119 348 4174 ficat:
378 4119 424 4170 hic
453 4135 538 4170 nemo
564 4119 685 4183 dubitat,
705 4118 774 4183 quin
795 4118 855 4169 haec
875 4116 1047 4180 significatio
1066 4115 1102 4167 ab
1122 4115 1170 4168 illa
1189 4116 1274 4168 ducta
1294 4114 1340 4168 sit.
