3225 5034
761 405 939 475 „44-

314 581 496 657 nudantur,
531 581 617 663 qucd
655 599 784 653 munere
820 579 977 664 λαμπρῶς,
1011 575 1185 664 φιλοτίμως,
1210 581 1384 657 πολυτελῶς

314 687 381 757 κτλ.
421 689 523 757 iuncti
557 692 645 767 sunu
682 688 721 755 oi.
753 688 905 759 Haaderli
928 709 959 769 p.
985 689 1027 753 65
1051 708 1119 769 sqq.
1167 690 1207 757 ad
1231 690 1309 769 quid
1333 690 1383 757 ha

315 795 426 869 laudes
449 796 638 880 pertineant,
663 814 727 863 uon
751 795 867 873 liquct;
892 794 1065 867 uerisimile
1088 803 1197 867 autem
1216 803 1264 861 est
1279 817 1384 875 agora-

315 921 429 969 acmos
463 903 544 971 festa
578 902 745 985 perfecisse
769 903 822 967 ucl
845 922 894 971 ex.
919 922 945 971 c.
970 904 1090 985 populo
1113 905 1224 983 epulas
1248 903 1382 971 dedisse.

316 1010 361 1081 sic
402 1027 611 1093 agorauomca
652 1008 850 1088 epheborum
891 1009 1127 1077 atheniensium
1169 1011 1233 1081 fine
1272 1011 1314 1075 Π.
1350 1031 1382 1090 p.

316 1116 389 1183 Chr.
414 1136 445 1182 u.
469 1116 577 1181 saculi
601 1115 737 1194 Chytros
760 1116 929 1197 perfecisse
951 1117 1073 1197 optime
1096 1118 1248 1196 explicari
1269 1124 1382 1197 potest.

316 1223 525 1301 quamobrem
560 1222 612 1287 hic
646 1223 760 1291 titulus
793 1223 887 1295 nobis
921 1224 1104 1293 testimonio
1138 1230 1223 1289 certo
1254 1231 1302 1289 est
1324 1225 1385 1291 hac

316 1320 443 1411 ducque
477 1335 569 1397 etate
603 1329 804 1397 Anthostcria
840 1336 872 1390 et
906 1331 1020 1401 Ienaea
1042 1330 1136 1395 binas
1158 1332 1257 1403 fuisso
1279 1332 1384 1409 iarius,

316 1455 396 1519 quas
419 1436 613 1507 confundere
637 1456 701 1505 nou
725 1437 807 1509 licet.

423 1543 667 1621 Testimonium,
692 1562 756 1625 quo
779 1543 907 1611 Boeckb
931 1544 1072 1609 maxime
1096 1545 1184 1611 nisus
1207 1550 1265 1619 est,
1282 1546 1387 1624 glossa

317 1650 465 1731 quaedam
489 1655 537 1715 cst
561 1646 767 1731 (xl-xiv),
793 1670 865 1732 qua
888 1651 1003 1717 iisdem
1027 1651 1091 1719 iere
1115 1651 1221 1719 uerbis
1244 1653 1387 1735 complu·

316 1758 404 1825 ribus
436 1757 512 1825 locis
535 1758 707 1825 inuenitur.
754 1759 859 1823 uariat
881 1763 990 1825 tameo
1013 1778 1132 1823 nomen
1157 1759 1285 1833 mansu,
1310 1778 1385 1827 cum

317 1865 431 1933 Lcnaea
465 1864 649 1946 agebantur,
684 1870 721 1929 ut
756 1865 879 1931 Gilbert
913 1885 1025 1927 ansam
1052 1865 1266 1933 addubitandi
1289 1866 1387 1933 incra

317 1970 479 2055 pandique
502 1972 670 2043 inuenerit.
710 1972 831 2037 babent
853 1972 939 2040 cuim
956 1973 1137 2052 Hesychius
1154 1992 1177 2037 s.
1195 1992 1226 2037 u.
1244 1970 1387 2039 Aretissa

318 2075 405 2159 (XII)
436 2084 466 2143 at
490 2078 659 2147 scholiasta
682 2078 845 2143 AEschinis
869 2085 966 2143 contr.
991 2079 1074 2139 Tim.
1100 2080 1141 2140 43
1160 2080 1254 2161 μηνὸς
1269 2074 1388 2162 Acras,

318 2192 402 2255 abac.
427 2186 487 2251 lex.
513 2186 592 2253 rhet.
618 2185 727 2251 anecd.
753 2186 851 2255 Bekis.
877 2186 939 2269 lp,
959 2184 1033 2260 235,
1052 2187 1071 2246 6
1089 2182 1158 2268 (xl)
1176 2181 1386 2269 Γαμηλιῶνος,

318 2292 489 2359 scholiasta
522 2293 663 2357 Platonis
698 2292 738 2361 ad
766 2293 946 2373 rempubl.
971 2314 1002 2372 p.
1028 2293 1092 2357 475
1116 2294 1144 2359 D
1168 2289 1269 2374 (XIV)
1293 2295 1388 2376 μηνὸς

318 2393 603 2480 Μαιμακτηριῶνος.
651 2400 775 2469 Gilbsrt
808 2400 868 2464 hos
903 2419 982 2478 quos
1017 2400 1095 2467 dicit
1129 2406 1160 2462 et
1193 2401 1272 2467 alios
1296 2419 1387 2467 ueros

319 2525 436 2571 errores
452 2512 489 2571 ut
504 2526 588 2581 eum,
602 2525 699 2585 quem
711 2506 883 2577 scholiasta
894 2507 1035 2575 Platonis
1047 2506 1153 2581 habet,
1167 2508 1388 2586 hemerologiis

318 2619 350 2680 ct
384 2613 572 2685 calendariis
606 2613 730 2681 uitiosis
754 2614 911 2689 attribuit,
935 2615 1029 2692 quale
1052 2614 1085 2683 id
1109 2622 1165 2690 cst,
1191 2615 1276 2694 qnod
1300 2619 1394 2681 extat

319 2720 411 2791 Thes.
437 2720 546 2801 Stepb.
571 2720 620 2791 ed.
646 2721 746 2794 hond.
771 2727 793 2785 t.
819 2722 876 2787 ult.
902 2741 932 2805 p.
959 2722 1034 2795 710,
1059 2727 1090 2782 at
1112 2721 1156 2797 id,
1174 2722 1260 2800 quod
1277 2721 1388 2789 Iriarta

319 2827 465 2893 biblioth.
491 2827 608 2895 Matrit.
634 2829 650 2899 l
672 2848 703 2907 p.
730 2826 793 2895 379
819 2828 939 2908 publici
962 2829 1040 2897 iuris
1063 2828 1147 2893 facit.
1181 2827 1388 2893 florentinum

319 2940 350 2997 et
384 2934 533 3012 laydsuac
568 2953 640 3015 quae
674 2934 825 3003 dicuntur
859 2935 975 3005 uitiosa
1010 2940 1182 3011 nonsunt,
1207 2935 1388 3013 exquibus

319 3040 428 3109 uidero
461 3026 544 3114 licet,
573 3041 682 3120 qualia
704 3042 769 3109 sint
793 3042 1005 3121 homerologia
1028 3047 1060 3105 et
1083 3040 1276 3113 calendaria:
1302 3061 1388 3106 manv

319 3166 368 3211 ses
392 3167 466 3219 cum
491 3147 655 3215 mensibus
679 3154 710 3209 et
733 3148 800 3213 dics
822 3168 896 3215 curn
913 3149 1026 3217 diebus
1042 3149 1178 3217 alioruin
1194 3149 1388 3231 populorum

320 3262 554 3337 comparantur.
602 3255 811 3336 quamobrem
846 3274 964 3320 errores
998 3262 1069 3321 tum
1099 3255 1232 3321 demum
1255 3256 1389 3327 existere

320 3367 463 3443 possunt,
487 3362 514 3431 si
531 3382 587 3445 prc
605 3381 712 3429 mensa
728 3363 836 3442 aliquo
852 3363 982 3442 ponitur
998 3363 1116 3427 mensis
1132 3362 1261 3429 alterius
1277 3361 1389 3442 populi

320 3488 337 3531 a
361 3468 548 3559 calendariis
571 3469 699 3551 petitus,
724 3470 781 3548 qui
796 3470 948 3543 mendose
963 3470 1108 3539 traditur.
1133 3489 1182 3531 ax.
1200 3489 1225 3532 c.
1244 3470 1271 3535 si
1286 3470 1391 3548 glossa

325 3611 538 3619 φ-ῥ-ᾳμ-

430 3678 449 3747 ¹)
475 3681 687 3749 usmernoda,
716 3698 780 3751 quse
807 3682 875 3744 uide
894 3682 926 3745 in
945 3682 1021 3744 Hist.
1041 3682 1077 3737 de
1095 3680 1195 3743 l'acad.
1232 3681 1284 3741 des
1303 3680 1389 3737 inser.

321 3775 340 3823 t.
367 3769 400 3822 47
419 3769 517 3836 (1809),
537 3770 667 3839 singulos
686 3771 749 3823 dics
768 3788 834 3824 cnm
853 3771 955 3824 diebus
975 3771 1097 3837 singulis
1116 3775 1284 3839 comparant
1302 3769 1390 3822 nullis

321 3859 385 3912 aliis
396 3842 491 3911 ⁸robus
510 3859 639 3913 adiectis.
671 3860 842 3925 calendaria,
861 3875 924 3926 qnae
936 3861 1039 3912 Iriarte
1053 3865 1082 3912 et
1095 3859 1259 3925 Stephanus
1272 3858 1389 3922 habent,

320 3949 439 4000 nomina
466 3952 579 4001 tanturn
608 3950 752 4002 mensium
781 3951 944 4002 conferunt.
982 3948 1146 4001 calendaria
1174 3947 1288 4013 proprie
1313 3946 1410 4001 dicta,

321 4066 355 4077 -
375 4037 406 4093 in
424 4036 498 4093 libro
517 4038 589 4109 Lydi
609 4039 645 4095 do
664 4039 788 4099 ostentis
807 4038 851 4093 ed.
890 4038 1081 4095 Wachsmuth
1100 4065 1134 4074 -
1151 4036 1254 4093 diebus
1268 4035 1390 4103 siugulis

321 4131 402 4179 ortus
424 4133 454 4179 et
472 4143 591 4181 occasus
611 4128 759 4185 stellarum
778 4128 911 4185 referunt
929 4132 959 4180 st
977 4130 1167 4194 tempestales
1186 4125 1390 4193 praenuntians.
