3225 5034
688 380 864 441 ..35-

241 564 334 620 uetus
369 578 486 619 nomen
522 577 606 619 nouo
642 576 707 618 non
742 557 993 637 permutabatur,
1029 558 1084 619 sed
1118 559 1230 629 mensi,
1255 561 1311 638 qui

240 666 371 727 nornine
395 665 531 739 carebat,
552 684 670 726 nomen
693 664 873 726 indebatur.
921 664 1036 742 quodsi
1059 664 1187 757 eosdem
1211 667 1311 729 fastos

240 772 334 834 Iones
360 772 538 851 antiquitus
562 772 712 833 habuisse
736 772 905 846 sumimus,
930 771 1082 850 explicari
1106 792 1170 833 non
1194 778 1307 852 potest,

241 878 402 958 quomodo
436 884 527 940 tanta
560 879 697 941 uarietas
731 885 841 958 postea
876 878 1024 939 extiterit.
1071 879 1179 957 itaque
1210 880 1310 941 fastos

239 986 360 1048 ionicos
384 987 600 1065 primigenios,
625 987 681 1066 qui
704 1005 883 1065 numquam
907 987 1005 1060 tuere,
1029 986 1192 1049 restituere
1215 988 1311 1048 inane

240 1099 296 1167 est,
333 1099 364 1154 et
398 1099 519 1172 quanto
554 1095 646 1172 plura
668 1093 800 1154 nomina
823 1093 950 1171 cognita
973 1102 1071 1167 erant,
1096 1100 1185 1155 tanto
1209 1095 1310 1173 magis

240 1206 428 1279 conspectus
462 1199 640 1273 uariabant,
671 1201 704 1261 in
729 1199 847 1278 quibus
870 1200 931 1260 uiri
955 1200 1040 1260 docti
1063 1219 1116 1262 eos
1140 1200 1309 1280 descripse-

240 1314 315 1367 runt
339 1303 462 1388 (Bergk,
487 1307 581 1368 Beitr.
608 1328 632 1367 z.
657 1327 701 1385 gr.
727 1306 963 1368 Monatskunde
986 1327 1017 1385 p.
1045 1307 1085 1367 29
1110 1327 1179 1386 sqq,
1204 1308 1237 1369 C.
1258 1308 1308 1368 Fr.

240 1413 418 1487 Hermann,
455 1413 567 1474 Lehrb.
605 1414 635 1474 d.
671 1434 714 1492 gr.
745 1414 807 1474 Alt.
834 1414 865 1474 11
891 1414 911 1491 ξ
935 1415 988 1488 54,
1014 1414 1043 1489 3,
1069 1415 1203 1486 Ahrens,
1229 1415 1308 1476 Mus.

240 1520 342 1582 Rhen.
371 1520 477 1585 xvn.
504 1521 567 1582 359
592 1518 672 1602 sqq).
720 1521 747 1581 si
770 1540 857 1581 nunc
880 1521 1013 1581 nomina
1037 1522 1139 1582 multa
1161 1541 1198 1583 ac
1221 1521 1309 1582 dissi·

241 1628 332 1688 milia
354 1628 513 1707 inspicies,
538 1647 609 1706 quae
633 1628 781 1690 Bisehoff
797 1634 829 1688 et
845 1627 975 1688 Clodius
992 1635 1225 1706 congesserunt,
1242 1627 1310 1689 hsec

241 1736 412 1796 conamina
435 1735 524 1796 irrita
547 1754 614 1797 esse
637 1735 729 1796 facile
753 1734 887 1796 uidebis.
933 1735 1066 1795 minime
1089 1735 1227 1812 cyziceni
1243 1734 1310 1813 qui·

241 1841 314 1902 dem
339 1842 413 1904 lasti
438 1843 618 1922 primigenii
641 1843 781 1914 fuerunt,
806 1848 843 1904 ut
866 1841 990 1904 Gilbert
1013 1862 1043 1921 p.
1071 1843 1111 1903 25
1132 1848 1234 1921 putat,
1252 1860 1310 1903 nec

240 1949 490 2022 ratiocinatione,
526 1968 590 2028 qua
623 1949 668 2010 ibi
704 1951 814 2022 utitur,
839 1952 939 2011 fastos
967 1924 1310 2011 communesffombus

240 2056 338 2117 fuisse
377 2056 587 2118 demonstrari
621 2062 734 2135 potest.
781 2056 851 2117 haec
885 2061 961 2118 sunt
995 2055 1092 2117 uerba
1127 2056 1211 2123 eius:
1249 2056 1310 2118 »Es

240 2182 305 2225 war
328 2162 454 2225 absolut
477 2163 690 2242 nothwendig,
714 2164 788 2224 dass
804 2163 855 2223 die
872 2163 1037 2224 ionischen
1054 2162 1173 2237 Stiidte,
1191 2163 1309 2224 welche

241 2271 339 2332 sehon
361 2290 398 2332 zu
415 2271 574 2332 Herodots
592 2271 657 2332 und
673 2271 843 2351 jedenlalls
858 2270 893 2330 in
908 2270 992 2331 noch
1008 2270 1070 2331 viel
1085 2271 1228 2330 iriiherer
1243 2270 1311 2331 Zeit

239 2377 454 2455 gemeinsame
481 2377 572 2439 Feste
595 2379 716 2451 hatten,
741 2378 825 2438 auch
848 2377 942 2437 einen
965 2377 1201 2454 gemeinsamen
1224 2378 1309 2439 Fest-

241 2483 393 2545 kalender
427 2483 575 2546 besassen
611 2484 677 2545 und
712 2504 804 2545 wenn
829 2503 861 2545 es
885 2485 968 2546 auch
992 2484 1082 2545 nicht
1105 2483 1310 2563 nothwendig

240 2610 315 2665 war,
354 2591 427 2653 dass
465 2591 516 2652 die
555 2592 799 2652 Monatsnamen
838 2590 959 2651 iiberall
998 2590 1158 2652 dieselben
1193 2610 1308 2665 waren,

241 2698 384 2777 obgleich
408 2698 466 2760 wir
488 2674 573 2759 diese
595 2688 913 2776 Ubereinstimmung
929 2696 1094 2758 derselben
1109 2698 1154 2758 im
1171 2699 1309 2759 Grossen

240 2805 307 2867 und
343 2806 470 2867 Genzen
506 2805 675 2883 jedenialls
709 2804 892 2866 annehmen
927 2809 1067 2878 miissen,
1103 2824 1138 2866 so
1166 2810 1309 2866 mussten

241 2913 285 2974 sie
309 2912 391 2974 doch
412 2913 504 2973 einen
520 2912 743 2990 gleichm'a'ssig
757 2913 935 2990 geregelten
950 2912 969 2974 J
971 2911 1176 2990 ahrescyklus
1192 2909 1307 2972 haben.

241 3021 472 3081 Anaunehmen
521 3018 594 3079 dass
644 3017 786 3080 derselbe
837 3019 946 3080 Monat
990 3020 1024 3079 in
1071 3018 1173 3079 dieser
1217 3018 1310 3080 Stadt

213 3128 216 3133 ’
241 3126 327 3186 einer
360 3125 480 3186 andern
516 3126 583 3187 Zeit
617 3124 787 3203 angehdrte
822 3126 868 3186 als
902 3126 937 3186 in
971 3127 1060 3205 jener
1094 3126 1218 3187 scheint
1248 3126 1310 3186 mir

241 3233 455 3310 unmoglich.»
505 3233 573 3293 haec
607 3233 641 3292 in
676 3233 826 3293 uniuerso
860 3251 941 3311 uaga
976 3252 1016 3293 ne
1049 3233 1084 3292 in
1118 3237 1207 3311 parte
1241 3233 1308 3310 qui·

241 3340 315 3400 dem
349 3359 425 3401 uera
459 3347 543 3401 sunt.
590 3359 667 3400 nam
701 3339 824 3400 Taureo
843 3345 895 3400 -ut
928 3339 1097 3401 Artemisio
1120 3339 1206 3418 apud
1230 3339 1309 3400 alios

240 3445 458 3525 Elaphebolia,
510 3445 596 3524 apud
642 3447 720 3508 alios
766 3446 941 3523 Munychio
986 3451 1061 3506 erat.
1123 3445 1168 3507 sic
1213 3445 1308 3506 Pane·

241 3571 313 3614 mus
336 3572 463 3631 quoque
487 3572 520 3615 se
542 3552 640 3613 habet
664 3557 773 3632 (supra
795 3573 827 3631 p.
853 3553 894 3614 32
919 3549 1015 3632 ann).
1063 3550 1250 3624 dummodo,
1274 3552 1309 3611 in

241 3678 337 3737 quem
362 3679 503 3720 mensem
528 3660 614 3720 feriae
637 3678 825 3720 communes
841 3658 1026 3730 inciderent,
1045 3659 1139 3720 Iones
1154 3664 1307 3732 tenerent,

239 3834 367 3887 ionicum
386 3849 452 3887 cnm
472 3849 537 3888 esse
556 3851 615 3887 non
628 3834 731 3897 efficit;
746 3834 771 3886 si
784 3833 862 3886 enim
875 3834 987 3887 ionicus
1001 3840 1088 3901 esset,
1101 3834 1192 3886 multo
1205 3832 1307 3898 aegrius

240 3922 464 3990 intellegeretur,
493 3940 543 3976 cur
572 3924 635 3976 loco
662 3924 736 3977 falso
758 3924 886 3976 insertus
905 3929 999 3987 esset3
1018 3939 1072 3976 nee
1091 3923 1166 3975 Delii
1184 3921 1309 3974 Doribns

241 4013 434 4066 consentiunt.
472 4013 550 4079 apud
569 4013 660 4065 Dores
679 4013 757 4066 enim
776 4028 891 4079 semper
907 4012 1120 4077 Boedromioni,
1134 4012 1198 4065 Deli
1210 4015 1306 4063 antem

242 4100 455 4168 Scirophorioni
473 4103 639 4168 respondet.
