3225 5034
676 420 719 427 —
746 386 806 447 127
833 420 875 429 —-

243 563 396 640 quoniam
431 564 499 626 haec
533 563 670 625 triremis
706 564 949 628 Anthestcrione
980 566 1140 643 Dionysiis
1165 587 1220 646 per
1243 569 1314 632 uias

242 670 429 744 uehebatur,
464 671 559 732 ferias
589 689 651 742 eas,
677 689 749 748 quie
772 671 997 750 antiquissima
1019 673 1174 752 Dionysia
1196 675 1313 738 Ionum

241 783 341 849 erant,
367 778 386 838 i.
412 797 437 838 e.
464 777 667 840 Anthesteria
690 778 788 839 fuisse
812 786 945 857 apparet
959 774 990 856 ¹),

348 884 469 963 Pompa
499 903 659 963 smyrnaea
683 903 757 946 cum
781 885 961 948 atheniensi
984 892 1177 965 comparata,
1202 894 1239 950 ut
1262 888 1312 950 ds·

240 992 392 1057 finiretur,
429 991 463 1052 in
493 990 611 1069 quibus
636 991 721 1054 feriis
746 991 814 1053 haec
838 998 990 1070 ageretur,
1014 993 1168 1072 sequitur,
1194 1001 1229 1055 ut
1245 995 1313 1078 ¹deo

241 1100 357 1161 Ionum
392 1097 567 1170 communi,
603 1098 659 1175 qui
694 1117 762 1158 rem
796 1098 938 1178 aliquam
968 1118 1041 1162 cum
1068 1101 1147 1162 meri
1171 1102 1312 1175 haberet,

240 1206 337 1266 ducta
371 1205 421 1267 sit.
463 1198 605 1264 Διόνυσον
639 1203 784 1280 πελάγιον
819 1205 905 1284 apud
936 1207 1062 1268 Graecos
1085 1208 1184 1270 fuisse
1208 1208 1313 1271 Maesa

239 1312 379 1373 ostendit
413 1312 523 1374 Herm.
560 1311 685 1386 XXIII,
722 1310 764 1373 70
791 1331 861 1390 sqq,
886 1312 942 1376 ubi
966 1313 999 1376 in
1023 1313 1171 1376 thracicis
1195 1314 1312 1378 thessa·

238 1420 308 1481 licis
344 1419 494 1482 boeoticis
525 1419 588 1479 oris
611 1418 698 1480 hunc
721 1418 817 1480 deum
842 1421 967 1484 cultum
990 1439 1058 1484 esse
1082 1422 1238 1501 exemplis
1262 1421 1312 1483 de·

240 1533 406 1598 monstrat,
438 1525 555 1604 quibus
581 1526 741 1603 hymnum
764 1526 852 1588 hom.
879 1525 950 1588 vss.
975 1535 1007 1589 et
1029 1528 1161 1606 cylicum
1186 1528 1313 1594 Execiae

239 1634 399 1710 adiungit;
436 1632 557 1710 Parerg.
583 1641 638 1693 att.
664 1630 740 1712 (ind.
766 1633 837 1694 lect.
863 1633 928 1694 hib.
955 1634 1077 1713 Gryph.
1104 1632 1201 1717 1889)
1224 1656 1255 1715 p.
1281 1635 1313 1700 X

238 1740 369 1802 nomine
404 1739 522 1817 Pegasi,
558 1758 654 1818 quem
679 1738 853 1804 Pausanias
877 1741 892 1804 1
918 1742 947 1816 2,
973 1742 993 1803 4
1021 1742 1195 1820 Dionysum
1220 1742 1311 1804 Eleu·

238 1848 384 1909 thereum
418 1847 561 1908 Athenas
585 1846 800 1909 introduxisse
824 1853 941 1922 narrat,
965 1848 999 1908 in
1023 1847 1179 1926 Pegasum
1203 1868 1312 1912 secun·

238 1953 318 2016 dum
342 1954 433 2016 Paus.
459 1954 490 2014 X
514 1956 544 2028 5,
569 1956 588 2015 5
606 1959 730 2015 mutato
746 1955 843 2016 deum
862 1954 987 2032 Pegasis
1003 1974 1042 2015 ex
1059 1955 1178 2035 oppido
1193 1956 1311 2018 thessa·

237 2061 300 2140 lico
335 2080 436 2139 usque
470 2062 505 2122 in
540 2061 680 2122 Atticam
716 2062 930 2139 penetrauisse
965 2062 1089 2126 efficere
1124 2064 1209 2137 uult;
1239 2081 1312 2141 quae

238 2188 335 2231 causa
358 2188 435 2230 sane
459 2168 536 2230 levis
561 2169 742 2230 coniectura
764 2168 887 2242 nititur,
912 2174 943 2229 et
966 2170 993 2232 si
1012 2169 1174 2248 probetur,
1192 2147 1331 2250 pompa

237 2276 362 2337 naualis
397 2275 438 2337 ad
473 2275 568 2337 ferias
602 2276 793 2349 Eleutherei,
827 2276 980 2354 Dionysia
1004 2296 1128 2355 magna,
1153 2279 1311 2356 pertinere

239 2384 346 2454 debet;
383 2382 438 2444 sed
474 2382 701 2445 Eleuthereum
731 2384 892 2445 marinum
917 2383 1015 2446 fuisse
1039 2384 1135 2444 deum
1159 2390 1312 2462 praeterea

239 2509 303 2551 non
338 2489 457 2553 scimus
492 2496 532 2560 et,
569 2489 595 2550 si
619 2509 636 2548 e
660 2489 790 2550 Boeotia
814 2491 912 2565 uenit,
937 2491 1076 2554 terrestri
1099 2491 1211 2552 itinere
1235 2510 1309 2552 eum

238 2615 334 2657 usum
358 2614 425 2657 esse
448 2595 620 2657 uerisimile
643 2603 701 2657 est.
745 2597 861 2657 melius
877 2596 965 2668 deus,
983 2598 1034 2657 cui
1051 2616 1170 2676 pompa
1185 2597 1311 2660 naualis

238 2704 351 2781 agitur,
383 2701 468 2781 apud
494 2704 630 2781 populos
654 2704 905 2780 consanguineos
929 2704 1091 2782 quaeritur,
1116 2704 1309 2781 quibuscum

238 2830 294 2889 per
330 2829 415 2871 mare
450 2810 678 2872 commercium
713 2818 789 2873 erat.
837 2810 941 2874 Maass
972 2812 991 2872 l.
1016 2812 1038 2873 l.
1064 2809 1144 2872 duos
1167 2811 1310 2873 Bacchos

237 2917 355 2978 iniuria
389 2917 579 2994 composuit,
611 2936 747 2994 quorum
772 2918 861 2991 alter,
886 2924 921 2980 ut
944 2916 1059 2992 effecit,
1084 2917 1255 2978 Thessaliae
1278 2923 1311 2978 et

238 3024 375 3085 Boeotioe
409 3023 569 3102 indigena,
605 3025 684 3086 alter
717 3024 840 3086 ionicus
874 3030 934 3099 est;
970 3024 1024 3085 ille
1052 3024 1187 3086 numina
1211 3024 1310 3085 maris

237 3131 357 3208 subigit
384 3136 415 3191 et
438 3131 471 3190 in
497 3149 583 3192 mare
607 3131 759 3209 confugit,
785 3131 837 3192 hic
860 3150 917 3210 per
939 3150 1027 3192 mare
1051 3130 1178 3192 uehitur
1194 3130 1308 3194 uinum

237 3238 319 3300 dans
342 3246 373 3299 et
395 3256 583 3317 propagans.
627 3239 713 3300 hunc
737 3237 834 3299 deum
859 3238 1056 3316 Hermippus
1080 3238 1190 3312 cocles,
1216 3241 1311 3315 poeta

347 3500 365 3564 ¹)
392 3500 465 3554 Cum
493 3502 602 3554 triremi
626 3501 836 3568 panathenaica
854 3516 957 3554 nauem
978 3500 1082 3553 Bacchi
1101 3501 1231 3553 conferre
1249 3517 1309 3553 non

237 3592 315 3652 licet;
340 3607 408 3642 nam
427 3591 477 3643 illa
494 3592 577 3644 deam
597 3607 655 3644 non
674 3591 807 3657 uehebat,
827 3596 856 3643 et
874 3595 1010 3658 praeterea
1029 3589 1195 3656 posterioris
1214 3589 1308 3643 aetatis

194 3721 196 3724 v
237 3695 300 3732 esse
328 3680 451 3746 uidetur,
478 3696 650 3746 quamquam
680 3680 860 3734 Mommseno
885 3681 959 3733 Fest.
979 3680 1045 3732 Ath.
1066 3679 1195 3732 11611011
1215 3679 1309 3745 credo,

236 3770 286 3834 qui
314 3770 508 3822 Athenienses
537 3773 619 3836 putat
645 3769 793 3834 nauigium
822 3769 908 3821 laidis
935 3769 1063 3822 imitatos
1081 3783 1153 3822 esse.
1191 3784 1257 3820 nam
1277 3753 1310 3819 iri

236 3858 291 3910 hoc
309 3859 385 3910 festo
404 3859 487 3911 nauis
506 3874 565 3911 non
583 3873 633 3923 per
651 3863 756 3910 terram
775 3857 942 3920 uehebatur,
962 3856 1014 3910 sed
1032 3872 1048 3908 e
1066 3857 1162 3911 littore
1180 3858 1210 3909 in
1229 3871 1308 3910 mare

237 3947 422 4001 emittebatur
447 3948 542 4014 (Apul.
570 3947 639 3999 Met.
666 3947 710 3999 XI
737 3945 838 4012 8sqq;
858 3942 1308 4013 01000100ΐεεῐίπλοιαφεοὶα);

237 4037 333 4102 potius
353 4053 459 4103 pompa
476 4037 581 4089 Bacchi
601 4035 766 4102 exemplum
785 4036 850 4089 fuit.
