3225 5034
757 432 800 442 ·-
827 400 888 459 124
913 433 957 440 ——

323 576 411 637 bant.
459 578 496 649 is,
517 578 573 656 qui
597 577 699 638 Choes
722 582 754 637 et
777 576 912 654 Chytros
937 576 1136 637 caerimonias
1159 581 1286 637 tantum
1310 576 1394 648 festi,

323 703 387 744 non
411 684 479 745 dies
494 684 591 754 festos
608 684 705 744 fuisse
721 683 846 743 efficere
863 682 998 755 studuit,
1015 702 1082 743 rem
1098 683 1143 744 ita
1159 683 1342 761 explicauit,
1359 689 1396 742 ut

322 791 521 869 temporibus
541 789 775 870 antiquioribus
788 809 841 851 eos
854 790 967 851 eodem
977 790 1037 863 die,
1049 790 1277 869 posterioribus
1287 797 1395 850 autem

323 898 450 958 duobus
474 903 617 976 peractos
638 916 706 957 esse
722 897 849 958 diceret.
886 903 923 957 ut
938 897 1021 957 hanc
1037 896 1258 975 comprobaret
1274 902 1396 957 senten·

323 1006 414 1078 tiam,
436 1005 580 1065 fabulam
599 1004 851 1065 Acharnensium
869 1022 996 1081 quoque
1012 1003 1169 1064 adhibuit.
1199 1004 1285 1082 quod
1302 1008 1396 1082 poeta

322 1112 343 1171 l.
368 1113 388 1172 l.
414 1131 445 1172 u.
473 1111 557 1172 1076
582 1111 665 1171 dixit
688 1104 744 1170 ὑπὸ
768 1110 838 1176 τοὺς
862 1104 948 1177 Χόας
970 1110 1024 1168 καὶ
1041 1105 1177 1189 Χὺτρους
1193 1112 1238 1172 sio
1254 1112 1396 1189 accipere

322 1238 387 1278 non
422 1236 548 1279 neccsse
582 1226 638 1278 est.
686 1218 736 1277 his
771 1217 898 1277 duobus
933 1217 1119 1278 nominibus
1147 1223 1251 1279 totum
1276 1218 1395 1278 testum

323 1325 511 1404 designauit,
542 1324 628 1403 quod
653 1324 839 1403 posteriores
863 1323 1067 1384 Anthesteria
1089 1325 1257 1385 uocabant⁴
1299 1325 1394 1384 maio·

322 1432 366 1493 ris
389 1432 544 1491 momenti
568 1440 615 1492 est
638 1432 726 1491 locus
747 1431 920 1505 Ranarum,
938 1450 1034 1509 quem
1052 1431 1194 1493 adhibui.
1235 1432 1395 1509 templum

323 1538 504 1599 Limnaeum
541 1537 591 1598 die
627 1538 752 1598 Choum
788 1539 854 1598 solo
890 1538 1030 1615 patuisse
1065 1543 1170 1598 orator
1192 1538 1227 1597 in
1251 1538 1395 1597 Neaeram

321 1651 470 1715 testatur;
506 1663 543 1704 ea
577 1651 686 1704 tamen
720 1662 753 1703 re
788 1644 922 1722 quaestio
957 1644 1118 1723 profligari
1153 1646 1274 1722 nequit,
1308 1643 1395 1722 quod

322 1746 391 1811 fieri
426 1756 539 1830 potest,
576 1756 612 1810 ut
646 1751 786 1828 populus
820 1756 893 1810 ante
929 1751 1042 1810 lanum
1077 1751 1261 1811 constiterit.
1310 1769 1396 1811 ranae

322 1864 453 1919 cantant
487 1852 556 1915 κατ’
592 1851 664 1936 ἐμὸν
700 1858 834 1936 τέμενος,
870 1863 901 1917 et
936 1851 966 1915 ἐν
1003 1865 1043 1935 τῷ
1072 1850 1142 1935 ἱερῷ
1166 1858 1282 1919 Athen.
1309 1858 1395 1936 X,p

323 1964 387 2027 437
424 1964 448 2025 C
482 1963 595 2041 (LXX)
629 1964 674 2026 sic
709 1964 809 2042 accipi
837 1969 951 2042 potest.
999 1964 1113 2042 quodsi
1137 1964 1395 2025 comissationem

323 2072 506 2150 quaerimus
530 2071 564 2130 in
589 2090 653 2155 qua
677 2072 814 2149 populus
838 2078 903 2131 tam
929 2076 1095 2149 proteruus
1119 2072 1314 2149 uinosusque
1331 2072 1397 2132 iue-

322 2180 373 2253 rit,
409 2178 460 2238 die
488 2178 680 2256 Chytrorum
705 2178 828 2237 nullam
852 2178 1046 2251 inuenimus,
1072 2197 1175 2256 neque
1198 2178 1251 2238 hic
1274 2178 1342 2239 dies
1365 2178 1395 2237 ei

322 2292 522 2369 opportunus
558 2290 619 2358 est;
648 2285 774 2345 etiamsi
798 2284 969 2362 posteriore
993 2290 1084 2345 aetate
1108 2304 1173 2345 non
1197 2290 1283 2346 totus
1306 2287 1395 2363 lugu·

323 2393 434 2454 bribus
457 2393 572 2454 ritibus
596 2394 710 2470 plenus
734 2396 810 2463 erat,
835 2391 915 2451 ratio
939 2410 975 2451 ao
991 2398 1106 2451 natura
1122 2411 1283 2453 sacrorum
1301 2394 1395 2471 plane

322 2500 363 2560 ab
394 2500 454 2561 hoc
477 2499 594 2578 gaudio
619 2498 738 2559 lasciuo
761 2497 943 2570 abhorrent,
968 2497 1054 2576 quod
1078 2498 1165 2559 feriis
1190 2499 1395 2561 madentibus

323 2607 386 2667 diei
409 2607 522 2686 prioris
545 2606 667 2684 optime
691 2605 859 2666 consentit.
903 2612 985 2677 tum,
1009 2624 1084 2665 cum
1108 2607 1257 2684 populus,
1282 2606 1396 2684 quiin

323 2714 558 2793 compotatione
595 2711 718 2773 Baccho
742 2712 869 2789 largiter
891 2711 1077 2784 indulserat,
1103 2731 1235 2774 coronas
1256 2714 1396 2791 congios·

323 2840 387 2899 que
421 2821 473 2881 dei
507 2821 541 2879 in
576 2820 734 2898 templum
769 2819 874 2891 ferret,
903 2817 1161 2897 κραιπαλόκωμος
1184 2830 1249 2880 erat
1274 2820 1396 2882 ethaeo

302 2918 390 2988 'iure
414 2928 596 2988 comissatio
620 2927 682 2987 dici
706 2932 824 3004 potest;
850 2944 947 3003 quare
971 2926 1050 3003 quin
1073 2926 1114 2986 ad
1137 2928 1220 2987 hanc
1236 2928 1396 2988 cantilena

322 3053 474 3095 ranarum
509 3034 672 3103 referatur,
706 3033 922 3094 dubitandum
947 3052 1011 3093 non
1035 3038 1092 3094 cst.
1139 3035 1297 3095 consentit
1320 3053 1396 3094 cum

323 3142 383 3202 hoc
419 3141 587 3219 Didymus,
623 3160 642 3200 a
677 3159 740 3218 quo
775 3139 887 3202 eodem
919 3139 971 3199 die
998 3139 1100 3200 Choes
1131 3146 1162 3200 et
1185 3140 1321 3219 Chytrcs
1344 3141 1395 3220 agi

323 3248 483 3309 audimus.
531 3248 611 3308 leuis
639 3253 687 3307 ast
709 3247 889 3325 explicatio,
915 3266 1012 3324 quarn
1039 3235 1132 3326 Voigt
1156 3248 1395 3309 Mommsenum

322 3356 432 3416 Heort.
459 3355 534 3428 346,
560 3354 623 3415 364
648 3372 694 3431 sq,
719 3354 801 3415 Fest.
829 3355 902 3414 Ath.
929 3354 993 3415 385
1018 3362 1145 3415 secutus
1168 3355 1201 3414 in
1218 3356 1320 3416 lexico
1337 3356 1395 3415 Ro·

322 3463 425 3523 scheri
453 3463 469 3522 Ι
497 3460 579 3522 1072
604 3462 765 3539 exposuit;
791 3462 906 3522 melius
930 3469 961 3521 et
985 3480 1058 3522 uere
1082 3461 1213 3540 quidem
1237 3482 1304 3522 rem
1329 3482 1396 3541 per·

323 3570 407 3648 cepit
430 3569 533 3629 Hiller
557 3567 596 3627 de
621 3569 818 3647 Gaertrin'gen
842 3570 875 3628 in
900 3571 1019 3647 encycl.
1045 3569 1156 3646 Paulyi
1180 3578 1212 3629 et
1233 3570 1396 3631 Wissowae

322 3676 339 3736 I
374 3674 459 3736 2372
496 3671 531 3755 (s.
568 3694 598 3736 u.
636 3672 849 3756 Anthesteria)
884 3681 1012 3736 etanta
1036 3695 1111 3735 eum
1135 3650 1334 3749 Mittelhaus¹
1355 3675 1396 3736 de

322 3782 447 3843 Baccho
485 3783 589 3843 Attico
624 3782 699 3844 diss.
739 3784 864 3844 Vratisl.
904 3783 988 3845 1874
1025 3804 1055 3862 p.
1093 3783 1144 3845 27.
1177 3784 1284 3843 asole
1308 3783 1395 3842 enim

322 3889 485 3951 occidente
520 3889 605 3949 diem
640 3909 762 3950 nouum
797 3891 995 3969 incipiebant
1026 3891 1141 3964 Graeci3
1166 3891 1274 3968 itaque
1298 3909 1395 3968 quem

322 4016 492 4075 uesperum
539 4015 597 4057 nos
643 4004 674 4058 et
713 3998 872 4076 Didymus
911 3998 974 4059 diei
1013 3999 1137 4059 Choum
1177 3997 1393 4071 attribuimus,

323 4105 425 4165 Graeci
460 4104 523 4164 diei
558 4105 702 4181 sequenti
738 4105 931 4184 Chytrorum
967 4105 1138 4178 addebant,
1175 4112 1210 4165 ut
1245 4124 1303 4165 suo
1327 4105 1396 4164 iure
