3225 5034
770 391 949 452 ..42..

325 578 466 652 apparet,
491 590 688 649 quamquam
712 570 776 630 iam
802 570 944 631 Gilberto
967 580 1083 649 prasto
1106 582 1181 645 erat,
1207 572 1296 632 abeo
1319 591 1394 650 pau·

325 680 370 742 cis
406 680 510 741 uerbis
545 678 696 739 dimissus
731 683 778 738 est
802 690 831 738 et
856 683 966 756 postea
989 697 1116 756 quoque
1140 680 1212 757 plus
1236 680 1320 739 iusto
1344 698 1394 739 ne·

263 820 264 823 ¹
325 789 446 865 gleotus
481 794 536 847 est.
584 786 637 845 hic
671 790 718 868 est
753 785 824 845 CIA
859 785 909 845 ΙΙΙ
939 785 1022 846 1160
1046 782 1176 867 (ΧΧΙΙ),
1202 786 1258 864 qui
1281 786 1321 846 ad
1346 805 1394 847 res

325 893 522 972 epheborum
559 893 695 971 pertinet
730 898 761 951 et
788 911 873 952 anno
899 887 998 961 192!ss
1022 912 1053 971 p.
1079 892 1151 953 Chr.
1177 914 1206 952 u.
1233 913 1252 953 a
1275 894 1395 954 Ditten·

325 1000 455 1078 bergero
479 1001 657 1077 assignatus
680 1006 736 1060 est.
785 1007 950 1059 enumerat
974 999 1113 1078 ephebos
1137 1009 1167 1060 et
1191 1002 1395 1078 magistratus

325 1127 444 1168 eorum.
493 1108 638 1185 regulum
662 1106 857 1185 epheborum
882 1126 1014 1184 agonem
1041 1107 1237 1180 Lenaeorum,
1260 1108 1395 1186 Chytros

324 1220 431 1275 autem
467 1232 674 1287 agoronomos
711 1207 882 1271 ἐπιτελέσαι
918 1220 989 1291 post
1019 1214 1151 1274 nomina
1174 1233 1283 1275 eorum
1308 1214 1395 1276 addi·

324 1328 393 1382 tum
431 1327 491 1392 est3
528 1319 736 1398 quamobrem
772 1321 890 1380 festum
928 1326 1098 1398 utrumque
1122 1321 1171 1381 sui
1194 1321 1272 1381 iuris
1296 1322 1395 1383 fuisse

325 1427 428 1501 debet,
453 1447 526 1488 cum
552 1428 617 1487 suis
640 1434 813 1505 utrumque
837 1425 1034 1487 curatoribus
1053 1428 1236 1488 ascribatur.
1272 1429 1396 1489 Grilbert

324 1555 355 1615 p.
384 1536 443 1596 151
470 1536 600 1594 titulum
624 1534 709 1594 haud
735 1541 818 1594 recte
833 1534 1057 1617 interpretatus
1073 1542 1121 1594 est
1137 1535 1395 1596 Acharnensibus

324 1641 547 1720 Aristophanis
582 1641 713 1712 collatis,
746 1641 780 1700 in
804 1660 868 1718 qua
891 1640 1000 1701 fabula
1023 1641 1212 1719 Dicaeopolis
1235 1643 1318 1702 inter
1342 1643 1395 1702 Le

324 1768 394 1809 naea
416 1757 446 1808 et
471 1748 572 1809 Choes
596 1756 772 1808 mercatum
796 1746 893 1808 habet
909 1745 938 1827 ¹).
987 1748 1068 1808 dixit
1091 1749 1177 1808 enim
1199 1750 1226 1809 is
1246 1769 1395 1827 agorano

328 1854 542 1862 *um——

433 1887 452 1955 ¹)
463 1890 648 1941 Mercatusne
659 1889 792 1954 proprius
803 1888 998 1940 Authesteriis
1009 1889 1126 1940 habitus
1137 1891 1175 1940 sit
1183 1891 1221 1953 (cl
1232 1891 1394 1941 Mommsen

325 1980 424 2030 Heort.
445 1995 471 2044 p.
490 1977 541 2030 351
560 1993 601 2043 sq,
617 1978 691 2030 Fest.
705 1977 772 2028 Ath.
788 1994 813 2043 p.
828 1976 880 2029 388
895 1993 958 2029 eum
972 1993 1039 2029 ann.
1053 1978 1070 2030 3
1083 1983 1112 2029 et
1123 1978 1159 2041 41,
1174 1979 1305 2030 dubitare
1319 1979 1395 2032 licet.

325 2073 483 2119 mercatum
502 2067 703 2119 instituentem
724 2067 933 2133 Aristophanes
954 2067 1176 2133 Dicaeopolidem
1195 2084 1254 2120 non
1271 2069 1348 2132 fecit,
1363 2072 1396 2121 ut

325 2157 513 2221 Anthesteria
532 2172 616 2221 quam
634 2156 870 2220 frequentissime
883 2162 913 2208 et
925 2157 1159 2223 splendidissime
1172 2157 1394 2221 celebrarentur,

326 2246 378 2298 sed
392 2251 425 2297 ut
441 2246 661 2309 demonstraret,
675 2251 745 2310 quot
757 2261 804 2297 res
818 2246 901 2298 bonae
915 2247 1020 2312 populo
1033 2247 1195 2311 affluerent,
1210 2247 1235 2298 si
1249 2248 1395 2312 Megaren-

324 2351 373 2388 ses
386 2334 487 2387 Boeoti
507 2334 613 2399 aliique
625 2339 687 2386 tum
701 2334 811 2386 exclusi
825 2337 1027 2387 commercium
1042 2352 1106 2387 cnm
1121 2335 1349 2389 Atheniensibus
1362 2341 1395 2389 ut

325 2428 393 2477 ante
412 2423 519 2476 bellum
540 2423 681 2475 haberent
698 2424 744 2489 (cf.
758 2423 811 2475 519
825 2423 904 2489 sqq).
936 2425 1111 2477 Lamachum
1124 2425 1242 2477 delicias
1255 2426 1285 2476 in
1299 2425 1395 2477 Choes

325 2514 550 2579 empturientem
577 2513 689 2565 inducit
717 2511 780 2579 (960
808 2513 887 2578 sqq),
916 2515 991 2579 quod
1016 2513 1110 2566 Choes
1130 2519 1231 2580 postea
1249 2514 1279 2566 in
1300 2530 1395 2566 scaena

325 2608 463 2669 aguntur,
482 2603 500 2654 i.
515 2618 544 2663 e.
564 2603 619 2654 hoc
633 2605 701 2668 post
716 2618 771 2667 res,
792 2618 851 2654 non
866 2605 982 2669 propter
995 2619 1041 2655 res
1054 2609 1107 2668 est,
1121 2610 1153 2656 ut
1165 2603 1278 2656 dicitur.
1299 2612 1395 2657 cetera

325 2708 388 2758 quae
407 2693 571 2744 Mommsen
599 2692 616 2742 l.
646 2693 663 2743 l.
686 2692 772 2744 affert
790 2693 826 2744 ad
846 2697 1004 2744 mercatum
1024 2693 1222 2758 quotidianum
1242 2693 1395 2746 referenda

325 2789 403 2846 sunt,
433 2781 489 2832 nisi
512 2797 575 2847 quae
595 2781 697 2847 Scylax
718 2798 744 2847 p.
764 2780 1147 2834 aboed.K1ausenhabet2
1168 2778 1311 2849 πλάσματα
1331 2778 1395 2831 ὥνια

326 2869 352 2919 ἐν
379 2874 433 2929 τοῖς
462 2867 547 2919 Χουσὶ
574 2875 606 2937 τῇ
637 2868 728 2938 toprp3
758 2871 810 2921 sed
839 2871 913 2922 hano
932 2871 1056 2936 glossam
1077 2887 1141 2922 esse
1160 2877 1288 2937 apparet,
1308 2888 1394 2937 quam

325 2960 411 3011 finxit
436 2965 558 3025 nugator
585 2960 689 3025 aliquis
717 2975 733 3011 e
761 2959 859 3011 uerbis
887 2961 1118 3026 praecedentibus
1146 2961 1220 3012 male
1238 2960 1394 3013 intellectis

322 3045 443 3132 (ἔμποροι
455 3043 640 3116 εἰσάγουσιν-
651 3077 683 3084 -
692 3046 809 3116 κέραμον
819 3045 920 3098 arctati
930 3047 975 3097 καὶ
985 3053 1059 3117 χοῦς.
1069 3049 1102 3097 τὰ
1111 3049 1163 3117 γὰρ
1173 3046 1317 3115 πλάσματα
1328 3045 1396 3114 κτλ.)

325 3140 373 3190 Ar.
387 3138 458 3189 Ach.
473 3136 526 3189 764
539 3137 586 3189 uhi
599 3134 895 3204 Megarensis'yoipooc
906 3138 1032 3204 μυστικὰς
1042 3138 1222 3200 uenditattcf
1231 3139 1394 3189 Mommsen

326 3229 426 3280 Heort.
448 3243 473 3292 p.
494 3225 546 3278 352
566 3242 590 3278 a.
610 3226 637 3290 3)
655 3227 691 3277 ad
711 3226 864 3278 artificium
884 3227 946 3278 eius
966 3232 1085 3292 spectat,
1105 3242 1162 3291 quo
1181 3242 1197 3278 e
1216 3227 1320 3292 puellis
1334 3243 1394 3292 por·

326 3317 413 3369 cellos
442 3315 512 3367 lecit
538 3316 609 3379 (fere
637 3319 670 3367 ut
698 3331 751 3367 nos
781 3315 937 3381 ›mystiska
956 3315 1081 3381 grisam).
1119 3315 1166 3368 hio
1185 3331 1288 3367 uersus
1307 3317 1393 3368 etiam

325 3406 473 3458 adhibitus
492 3410 544 3467 est,
565 3410 597 3456 ut
616 3405 719 3456 Lenaea
737 3404 963 3456 Anthesterione
982 3406 1125 3457 celebrata
1138 3419 1202 3457 esse
1216 3406 1394 3471 probaretur.

325 3511 393 3546 nam
423 3494 538 3559 porcelli
568 3494 681 3560 mystici
712 3493 915 3559 mysteriorum
944 3494 1087 3547 minorum
1117 3510 1211 3559 causa,
1241 3509 1304 3560 quae
1329 3499 1395 3559 post

326 3583 512 3635 Anthesteria
541 3598 640 3634 mense
669 3582 769 3634 eodem
797 3583 965 3648 agebantur,
992 3585 1092 3636 uenire
1110 3584 1253 3636 dicuntur.
1291 3583 1394 3648 quodsi

326 3678 425 3724 nostra
453 3672 653 3739 interpretatio
682 3673 845 3746 admittitur
865 3702 897 3708 —
917 3673 974 3724 nisi
993 3674 1033 3725 ita
1052 3674 1132 3725 locus
1151 3672 1335 3738 intellegitur,
1356 3674 1395 3723 1-

326 3765 388 3814 cete
416 3762 524 3813 dictum
548 3761 660 3813 deletur
679 3790 712 3798 -
733 3768 762 3814 et
781 3762 805 3813 si
825 3762 949 3828 optimas
969 3763 1084 3814 suculas
1103 3763 1179 3813 solas
1199 3761 1229 3813 in
1249 3761 1394 3828 mysteriis

327 3854 467 3902 mactatas
496 3866 560 3902 esse
589 3856 765 3917 reputamus,
794 3856 827 3903 ut
853 3852 915 3903 haec
934 3857 1003 3903 nota
1022 3852 1103 3903 bona
1123 3850 1184 3902 suis
1203 3851 1299 3914 fuerit,
1319 3851 1395 3902 hanc

326 3956 430 3992 uanam
451 3940 645 4005 suspicionem
666 3957 730 3993 esse
750 3942 852 3993 elucet.
890 3942 938 3992 Ar.
958 3941 1031 3992 Nub.
1051 3940 1104 3992 864
1124 3937 1255 4008 ἐπριάμην
1273 3957 1314 3989 σοι
1328 3939 1395 3988 Δια-

326 4027 391 4087 σίοις
420 4025 536 4096 ἁμαξίδα
565 4030 611 4082 die
640 4031 716 4082 festo
742 4035 853 4097 patrem
874 4030 933 4082 filio
953 4029 1110 4095 crepundia
1128 4029 1241 4094 emisse,
1262 4045 1320 4081 non
1339 4030 1394 4081 hoc

325 4119 372 4170 die
401 4123 558 4171 mercatum
580 4120 646 4171 festi
668 4121 814 4186 proprium
835 4119 966 4170 habitum
987 4134 1051 4170 esse
1071 4125 1220 4171 monstrat.
1258 4119 1394 4170 nimirum
1466 4136 1473 4156 ¹
1576 4144 1577 4173 t
