3225 5034
767 420 967 480 -140-

333 591 497 679 Ληναιῶνα
521 599 686 679 φάσκουσιν
711 590 799 656 αυτὸν
824 595 991 656 καλεῖσθαι
1016 594 1066 656 διὰ
1090 596 1127 656 τά
1147 595 1268 678 ληναια,
1285 591 1305 655 ἅ
1322 591 1402 656 ἐστιν

334 699 401 781 ἔρια
435 704 488 762 καὶ
524 700 749 783 τροβατοδόραν
786 696 838 763 καὶ
867 697 1040 783 αἰγιοδόραν
1063 703 1227 784 καλοῦμεν·
1252 701 1270 786 ἠ
1296 700 1400 786 ἐπειδὴ

332 805 465 888 Διονυσῳ
504 806 623 870 ἐποίουν
662 805 766 891 ἑορτὴν
806 818 846 889 τῶ
886 811 956 892 μηνὶ
995 811 1098 889 τοὺτῳ,
1137 807 1173 892 ἣν
1209 807 1401 892 Ἀμβροσὶαν

332 912 472 978 ἐκάλουν.

438 1014 730 1091 1.2,εἶςὸνιένῷ.
767 1023 792 1075 5.
832 1021 917 1075 διά.

268 1139 312 1197 IV
438 1133 601 1194 Soholium
626 1134 666 1194 ad
690 1135 710 1194 l:
735 1136 755 1195 i.
781 1135 900 1195 Tzetzae
923 1135 965 1213 (p.
993 1134 1034 1194 20
1058 1130 1139 1214 sqq.)

438 1234 529 1321 Μηνα
553 1237 586 1299 δὲ
610 1237 783 1321 Ληναιῶνα·
810 1240 858 1299 τὸν
883 1235 994 1315 Χοιάκ,
1014 1236 1105 1323 ἤγουν
1122 1240 1170 1298 τὸν
1187 1233 1401 1318 Ἰαννουάριον,

331 1342 365 1413 ὃς
395 1343 536 1429 Ληναιὼν
568 1351 638 1427 παρ’
667 1343 753 1407 Ἷιυσι
777 1346 918 1407 καλεῖται
943 1342 997 1429 [ὅτι
1021 1347 1057 1406 τά
1082 1339 1230 1423 Πιθοίγια
1253 1342 1284 1405 ἐν
1307 1345 1402 1423 τουτῳ

331 1448 453 1536 ἐγίνετο]
489 1449 508 1536 ἢ
544 1449 588 1514 ’ὅτι
618 1451 636 1538 ἡ
665 1462 720 1514 τῶν
745 1451 830 1514 οἴνων
854 1452 1021 1537 συγκομιδὴ
1046 1454 1126 1513 κατὰ
1150 1461 1252 1513 τουτον
1276 1445 1401 1528 ἐγίνετο,

329 1553 349 1641 ἢ
380 1554 425 1619 ὅτι
456 1570 494 1641 τῶ
526 1568 582 1620 τῶν
618 1561 715 1642 ληνῶν
751 1556 836 1640 αἰτίῳ
869 1557 1003 1640 Διονυσῳ
1027 1556 1133 1642 ἑορτὴν
1158 1562 1210 1642 την
1234 1559 1402 1641 λεγομένην

331 1661 520 1747 ’Λμβροσίαν
549 1663 680 1737 ἐτέλουν,
704 1665 724 1750 ἢ
754 1669 836 1748 παρὰ
860 1664 1023 1748 Ῥωμαίοις
1049 1663 1226 1749 Βρουμάλια
1249 1666 1401 1730 καλεῖται,
1432 1697 1444 1716 κ

330 1768 468 1855 Βρουμος
491 1776 549 1854 γάρ
574 1773 643 1854 παρ’
671 1770 772 1842 αυτοῖς
796 1771 812 1835 ὁ
836 1772 989 1843 Διονυσος.

436 1898 445 1948 l
478 1897 503 1949 2.
531 1895 569 1947 ὅτι
589 1927 621 1934 -
642 1895 740 1966 ἐγίνετο
765 1898 854 1950 habet
877 1898 921 1950 ed.
940 1897 1119 1961 Trinoeueffi,
1139 1897 1237 1949 omisit
1256 1896 1402 1949 Gaisford.

329 1985 354 2038 4.
373 1991 410 2054 τῷ
429 1992 480 2036 τῶν
500 1983 588 2056 ληνῶν
607 1983 682 2054 αἰτίῳ
702 2004 761 2039 non
780 1988 869 2040 habet
882 1988 926 2040 ed.
938 1987 1118 2051 Trincauelli
1132 1986 1243 2039 addidit
1256 1986 1401 2039 Gaisford.

436 2076 530 2128 Etiam
559 2076 656 2129 minus
680 2077 758 2129 ualet
776 2076 928 2142 scholium,
947 2078 1024 2142 quod
1043 2078 1073 2131 L.
1094 2076 1263 2129 Bachmann
1281 2075 1403 2128 tradidit

328 2165 486 2218 Fritzschio
514 2166 550 2218 de
579 2167 649 2220 Len.
676 2167 762 2231 Md
787 2183 813 2219 a.
838 2166 862 2219 1.
882 2166 984 2233 incipit
1004 2171 1077 2235 μῆνα
1097 2162 1124 2215 δὲ
1144 2163 1299 2236 Ληναιῶνα,
1317 2161 1338 2232 ἢ
1357 2165 1402 2215 τὸν

329 2253 501 2323 Δεκέμβριον,
519 2256 562 2304 τὸν
581 2251 642 2323 παρ’
661 2250 813 2324 Αἰγυπτίοις
833 2252 936 2324 Χυχὸν,
956 2254 982 2304 ἐν
1000 2246 1071 2323 ᾧτῷ
1086 2253 1202 2323 Διονύσῳ
1216 2253 1311 2324 ἑορτὴν
1322 2248 1401 2324 ἦγον,

328 2340 363 2413 ἣν
390 2340 555 2413 ’Λμβροσὶαν
584 2341 695 2394 ἐκάλουν
722 2347 785 2410 (ms.
813 2339 889 2414 ἦγεν,
915 2341 1056 2412 αιλροσίαν).
1094 2345 1200 2397 deinde
1219 2346 1316 2407 refert,
1336 2360 1401 2410 quae

328 2434 445 2486 Tzetzes
464 2434 561 2486 habet.

282 2554 310 2605 V
436 2544 601 2605 Schoiium
624 2545 664 2604 ad
689 2546 708 2605 l.
734 2546 754 2605 l.
781 2545 981 2624 Moschopuli
1003 2546 1047 2624 (p.
1073 2545 1115 2605 20
1139 2545 1221 2623 sqq.)

437 2645 527 2733 Μηνα
555 2648 588 2710 δὲ
613 2647 786 2733 Ληναιῶνα·
811 2652 891 2710 κατὰ
915 2652 963 2711 τὸν
988 2659 1069 2734 μηνα
1093 2648 1125 2711 δὲ
1150 2652 1199 2710 τὸν
1223 2646 1399 2733 Ληναιῶνα,

328 2752 410 2824 ὅστις
433 2753 512 2817 ἐστὶν
537 2753 552 2818 ὁ
578 2753 773 2838 Ἰανουάριος.
803 2754 926 2841 ἐκλήθη
951 2755 984 2817 δὲ
1008 2752 1112 2834 οὕτως,
1138 2754 1241 2841 ἐπειδὴ
1267 2767 1305 2835 τῷ
1330 2753 1399 2818 Διο-

327 2864 404 2943 νυσῳ
429 2873 468 2943 τῶ
492 2874 548 2924 τῶν
573 2864 669 2947 ληνῶν
694 2862 838 2946 ἐπιστάτη
862 2859 983 2925 ἐτέλουν
1008 2861 1113 2947 ἑορτὴν
1137 2873 1177 2945 τῶ
1201 2866 1271 2948 μηνὶ
1295 2865 1400 2944 τοιὸτιρ,

326 2968 362 3054 ἣν
387 2968 577 3052 ’Λμβροσίαν
602 2968 741 3033 ἐκάλουν.
766 2973 861 3031 κακαί
886 2966 959 3031 εἰσιν
983 2968 1097 3055 ἡμέραι
1117 2971 1183 3034 κτλ.

271 3122 309 3175 VI
435 3098 615 3176 Hesychius
639 3093 681 3178 (p.
710 3098 773 3173 19.)

435 3201 585 3285 Ληναιῶν·
604 3206 672 3285 μην·
691 3197 800 3263 ουδὲνα
816 3213 872 3263 τῶν
890 3213 989 3286 μηνῶν
1007 3199 1133 3264 Βοιωτοὶ
1150 3197 1226 3264 οὕτω
1242 3205 1412 3274 καλοῦσιν,-

327 3306 441 3380 εἰκάζει
477 3309 509 3369 δὲ
543 3306 558 3371 ὁ
584 3305 785 3391 Πλουτάρχος
812 3306 983 3371 Βουκάτιον·
1010 3312 1062 3371 καὶ
1086 3312 1144 3392 γὰρ
1169 3306 1285 3393 ψυχρός
1308 3308 1398 3372 ἐστιν.

326 3415 398 3478 ἔνιοι
423 3416 455 3478 δὲ
480 3420 528 3476 τὀν
553 3413 708 3499 Ἑρμαῖον,
733 3414 767 3485 ὃς
791 3418 868 3499 μετὰ
891 3418 940 3477 τὸν
965 3413 1129 3478 Βουκάτιον
1153 3415 1242 3481 ἐστιν.
1266 3417 1399 3498 καὶγὰρ
1437 3439 1441 3445 ·

328 3523 493 3608 Ἀθηναῖοι
519 3527 569 3606 τὴν
594 3534 649 3585 τῶν
675 3519 816 3608 Ληναίων
841 3520 945 3608 ἐορτην
970 3521 1001 3585 ἐν
1026 3519 1105 3605 αὐτῶ
1131 3522 1262 3602 άγουσιν.

432 3649 450 3701 l.
470 3649 496 3701 3.
516 3649 585 3699 κατὰ
605 3668 611 3698 :
632 3649 700 3718 μετὰ
719 3650 755 3701 cf.
775 3649 893 3701 Boeckh
912 3665 957 3715 op.
977 3649 1046 3701 min.
1067 3651 1102 3716 V,
1122 3650 1164 3701 76.

435 3760 549 3820 Suidas
573 3756 614 3839 (p.
644 3760 707 3835 19.)

434 3865 587 3949 Ληναιών,
613 3866 799 3948 Ληναιῶνος·
825 3862 921 3947 ὄνομα
946 3862 1048 3950 μηνός.

432 4010 691 4088 Etymologioum
716 4029 870 4087 magnum
894 4011 936 4088 (p.
964 4010 1005 4073 20
1029 4009 1112 4088 sqq.)

432 4113 583 4200 Ληναιών·
621 4110 774 4182 Ἡσίοδος·
814 4123 894 4197 μηνα
929 4113 962 4175 δὲ
993 4112 1167 4199 Ληναιῶνα,
1197 4114 1266 4176 κάκ’
1293 4115 1399 4200 ἤματα
