3225 5034
212 1183 265 1239 011

199 2356 266 2411 0111

204 3789 269 3846 OIV

684 391 917 450 «—160-

284 560 470 644 ρτσωθέντας
506 560 725 647 ίλασκομένους
763 561 811 625 τὸν
848 562 963 650 Ἑρμὴν
999 563 1071 651 [καὶ]
1097 562 1171 647 θπέρ
1195 577 1249 629 τών
1274 564 1352 629 ἀπο-

284 667 443 733 θανόντων.

391 795 414 846 1.
435 795 460 847 2.
490 785 538 862 ᾧε
566 786 584 862 ἡ
614 796 725 848 correxi
754 812 770 849 e
799 796 894 880 Sussda.
923 792 957 864 33
974 796 1030 850 del.
1049 798 1235 854 Rutherford.
1255 798 1279 851 6.
1298 802 1352 857 τοῖς

284 881 360 953 χουσί
388 901 394 933 :
423 884 516 951 suppl.
545 884 622 936 idem
651 885 698 949 (cf.
729 883 770 947 0.)
787 884 813 940 8.
833 884 888 937 del.
907 885 993 938 idem.
1030 885 1061 937 in
1080 886 1144 938 aliis
1164 904 1232 942 mss,
1252 887 1352 940 ordine

283 974 407 1039 partium
436 973 539 1038 glossae
566 974 683 1026 inuerso
710 975 787 1026 inter
815 990 865 1026 eas
893 975 1044 1027 inseritur:
1073 971 1156 1044 ἤγετο
1185 973 1212 1026 δὲ
1232 974 1252 1046 ἡ
1273 975 1352 1045 ἑορτὴ

283 1056 514 1130 Ἀνθεστηριῶνος
543 1060 613 1131 τρίτῃ
634 1061 676 1112 ἐπὶ
695 1059 767 1112 δέκα·
789 1060 825 1122 ὡς
845 1059 1006 1132 Φιλόχορος.
1043 1065 1085 1117 sic
1104 1065 1241 1119 Dusbnsr
1259 1067 1290 1117 in
1309 1066 1353 1118 ed.

391 1172 513 1244 suidas,
549 1191 573 1234 s.
610 1192 640 1232 u.
672 1168 799 1251 Χυτροτ,
828 1174 931 1251 glossa
954 1174 1067 1252 prima.
1115 1171 1157 1254 (p.
1185 1176 1248 1236 123
1272 1194 1352 1254 sqq„

286 1281 347 1341 131
373 1274 454 1360 sqq.)

390 1382 514 1476 Χώτρυν
551 1381 639 1468 έορτὴ
677 1383 854 1469 Ἀθὴνὴστν·
881 1382 912 1446 ἐν
936 1396 991 1468 μιᾷ
1016 1384 1047 1447 δέ
1071 1383 1171 1471 ἡμέρα
1195 1386 1303 1472 ἡχοντο
1327 1383 1359 1449 οἵ

283 1514 314 1552 τε
349 1490 466 1572 Χθτροτ
500 1494 554 1552 καὶ
578 1487 606 1553 οἱ
629 1489 723 1561 Χόες.
750 1492 780 1553 έν
805 1488 823 1574 ἡ
848 1502 906 1554 πᾶν
931 1497 1051 1576 σπέρμα
1074 1488 1119 1562 είς
1142 1495 1255 1577 χώτραν
1280 1490 1355 1576 έψὴ-

284 1620 390 1668 σαντες
415 1596 506 1661 ἔθυον
531 1596 674 1680 [Διονώσῳ
697 1600 760 1680 καί]
798 1596 906 1681 Έρμὴ.
961 1596 1142 1683 Θεόπομπός
1175 1621 1248 1686 φησι
1286 1602 1355 1669 τοὺς

284 1706 491 1775 διασωθέντας
517 1704 551 1767 ἐκ
574 1714 624 1767 του
648 1706 865 1789 κατακλυσμοῦ
891 1703 971 1788 έψεῖν
996 1710 1110 1790 χυτραν
1135 1711 1352 1791 πανσπερμίας·

283 1811 357 1875 ὅθεν
393 1809 468 1875 οὕτω
502 1813 658 1897 κλὴθὴναι
683 1816 734 1898 τὴν
759 1811 874 1897 έυρτὴν·
899 1816 953 1874 καί
977 1816 1062 1875 θίνετν
1089 1810 1234 1898 <αώ>τοῖς
1260 1812 1355 1900 (ἔθος

285 1918 428 2004 ἐ’ἡχουσιν
464 1918 561 2002 Ἑρμῇ
592 1922 718 2003 χθονίῳ,
767 1930 822 2003 τῆς
846 1919 878 1981 δέ
902 1922 1017 2003 χθτρας
1041 1916 1148 1983 οὐδένα
1172 1922 1351 1998 γείνσασθαι.

284 2036 369 2088 τουτο
405 2026 437 2088 δέ
469 2037 592 2111 ποιὴσατ
616 2028 684 2096 τοὺς
708 2014 942 2109 περισωθέντας.
968 2023 1188 2110 ἱλασκομένους
1211 2031 1260 2089 τὸν
1284 2025 1353 2110 Ἑρ-

285 2143 343 2216 μὴν
368 2134 440 2216 [καὶ]
465 2136 534 2215 περὶ
558 2143 614 2196 τών
638 2131 852 2196 ἀποθανόντων

392 2241 616 2293 Emendationes
636 2256 652 2291 e
672 2240 782 2292 scholio
802 2241 1015 2306 Aristophaneo
1033 2241 1136 2307 recepi,

391 2350 555 2411 Scholium
591 2349 631 2410 ad
668 2349 828 2428 Aristoph.
865 2350 944 2411 Ran.
971 2351 1034 2410 218
1060 2351 1138 2410 Ven.
1168 2352 1264 2412 Marc.
1289 2349 1354 2411 475

284 2458 337 2534 (G)
360 2457 403 2536 (p.
432 2458 504 2528 125,
533 2456 592 2517 131
619 2453 700 2536 sqq.)

391 2576 570 2663 Θεόπομπος
594 2577 748 2641 ἐκτίθεται
773 2580 849 2661 μετὰ
874 2583 906 2639 τὸ
931 2580 1069 2663 σωθὴναι
1093 2580 1162 2648 τοὺς
1186 2577 1216 2641 ἐν
1240 2555 1280 2660 τῷ
1303 2600 1345 2640 κα

285 2687 448 2770 τακλυσμῷ
465 2691 652 2772 πεφευγότας
665 2683 855 2767 τἀνθρώπους,
872 2683 892 2768 ἡ
908 2683 1010 2771 ἡμέρα
1026 2689 1150 2768 πρώτως
1167 2683 1355 2770 ἐθάρρησαν,

285 2795 399 2878 χώτραν
427 2802 466 2875 τῷ
490 2796 560 2875 πυρὶ
584 2790 743 2877 ἐπιστῆσαι
766 2795 820 2855 καὶ
845 2792 875 2855 ἐν
901 2788 975 2876 αὐτῇ
1000 2791 1155 2880 ἀρεψὴσαι
1178 2794 1215 2855 τὰ
1239 2790 1356 2878 ἐμβλη-

284 2901 379 2963 θέντα
422 2904 474 2961 καί
510 2904 561 2985 τὴν
596 2897 712 2985 ἡμέραν
747 2903 800 2961 καί
825 2897 930 2984 ἑορτὴν
954 2900 1020 2962 κατ’
1048 2895 1139 2985 αὐτὴν
1164 2904 1215 2984 τὴν
1238 2898 1356 2985 ἡμέραν

285 3014 465 3092 ποιήσαντες
487 3007 629 3089 Χθτρυυς
653 3004 814 3069 ἐκάλεσαν.
852 3005 944 3069 ἔθυον
968 3006 1001 3068 δέ
1026 3005 1056 3069 ἐν
1081 3002 1156 3089 αώτὴ
1180 3003 1278 3069 οὐδενί
1300 3016 1357 3068 τών

287 3111 460 3197 Ὀλυμπίων
484 3115 573 3185 θεων,
600 3113 698 3198 Ἑρμὴ
723 3115 756 3175 δέ
779 3117 897 3198 χθονίῳ
921 3110 995 3195 θπέρ
1019 3123 1074 3177 τών
1098 3114 1280 3190 τεθνεώτων,
1303 3117 1356 3175 καί

285 3233 338 3306 τὴς
373 3218 522 3307 ἑψομένης
555 3225 670 3306 χώτρας
705 3219 747 3283 ἑνὶ
781 3218 899 3301 ἑκάστῳ
935 3230 990 3283 τών
1023 3219 1053 3283 ἐν
1087 3220 1233 3303 τὴπόλετ
1257 3216 1357 3290 οὐδεὶς

286 3339 341 3391 τών
376 3326 490 3412 ἱερείων
514 3328 642 3405 έγεώετο.
691 3325 719 3390 οἱ
743 3328 776 3389 δέ
799 3333 866 3390 κατ’
893 3326 1009 3412 ἐκείνην
1034 3332 1085 3413 τὴν
1114 3325 1232 3413 ἡμέραν
1257 3325 1356 3390 ἐκεῖσε

285 3442 523 3519 παραγενόμενοι
551 3434 686 3514 ἐχεώοντο
711 3445 766 3496 τών
790 3445 906 3518 χυτρών
930 3437 982 3496 καὶ
1006 3431 1080 3517 ὑπὲρ
1104 3445 1161 3498 τών
1185 3436 1356 3498 τεθνεώτων

286 3546 334 3606 τὸν
359 3541 473 3628 Ἕρμὴν
498 3541 699 3614 ἐξιλάσκοντο.
746 3540 848 3627 ἡμέρα
873 3541 905 3603 δέ
929 3544 983 3611 τὰς
1006 3544 1122 3625 χώτρας
1144 3539 1357 3627 ἐκείναςὴσαν

286 3647 426 3733 ἑψουντες
449 3652 500 3712 καὶ
526 3646 559 3711 οἱ)
584 3646 677 3712 νυκτί.

395 3779 555 3858 Aristoph.
583 3778 661 3839 Ran,
688 3779 748 3838 214
776 3796 845 3856 sqq.
870 3778 914 3856 (p.
943 3760 1004 3839 123
1029 3778 1111 3856 sqq.)

395 3884 521 3966 λιμναῖα
544 3891 661 3967 κρὴνών
685 3887 775 3943 τέκνα

395 3990 540 4061 ξυναυλυν
563 3985 661 4072 θμνων
687 3990 759 4070 βοὰν

396 4096 603 4182 φθεγξώμεθ’,
629 4093 755 4179 είίχὴρυν
779 4093 855 4177 ἐμὰν
881 4093 996 4167 ἀοιδάν,
