3225 5034
683 417 857 476 ..61-

239 592 417 653 Limnaeum
447 600 560 655 autem
592 601 623 654 et
656 594 806 671 Lenaeum
830 593 943 654 eodem
966 595 1035 654 loco
1058 597 1159 655 cultos
1183 613 1250 656 esse
1273 602 1305 656 et

238 699 477 779 Doerpfeldium
508 700 568 762 hoc
591 702 748 779 templum
772 700 932 760 inuenisse
956 700 1128 763 contendit.
1176 702 1304 763 Wacbs·

239 805 400 867 muthium
436 808 578 868 refutans
608 808 766 885 regionem
792 825 913 867 sacram
938 806 1094 868 detectam
1119 807 1304 887 bipartitam

238 931 305 973 esse
340 922 461 989 monet;
497 914 667 991 regionem,
704 914 758 974 ubi
794 922 905 974 mensa
938 913 1080 975 sacrifica
1102 924 1159 988 est,
1183 914 1217 974 in
1241 934 1305 993 qua

238 1020 409 1098 uestigium
443 1022 539 1096 stelae,
572 1040 643 1099 quae
665 1021 889 1091 iusiurandum
913 1040 1093 1098 gerararum
1119 1022 1293 1082 contineret

238 1125 407 1205 Doerpield
443 1146 476 1188 se
510 1128 670 1188 inuenisse
704 1127 813 1200 credit,
851 1147 975 1207 semper
998 1134 1130 1206 excepto
1153 1128 1204 1188 dic
1227 1128 1302 1189 XII.

239 1233 335 1295 Anth.
366 1235 507 1295 clausam
531 1254 607 1308 esse,
632 1235 715 1296 aedes
739 1240 857 1306 autem,
883 1254 954 1314 quae
978 1254 1070 1295 muro
1094 1235 1134 1295 ab
1158 1254 1194 1295 ea
1217 1254 1303 1315 sepa·

214 1347 313 1401 ‚ratae
347 1348 432 1416 sunt,
467 1342 537 1402 aliis
572 1346 698 1420 quoqne
733 1341 930 1420 temporibus
965 1347 1091 1421 apertas
1114 1360 1181 1402 esse
1205 1347 1236 1402 et
1259 1341 1303 1402 ibi

238 1452 269 1507 et
304 1447 483 1508 Limnaeum
518 1453 549 1508 et
583 1448 733 1508 Lenaeum
769 1448 872 1509 cultos
902 1467 968 1509 esse
992 1449 1078 1509 dicit.
1127 1448 1241 1526 quodsi
1265 1450 1304 1508 de

237 1554 333 1628 Prott,
370 1555 425 1633 qui
459 1575 561 1616 unum
596 1556 753 1634 templum
789 1555 886 1616 fuisse
921 1561 1035 1641 censet,
1060 1555 1154 1616 ferias
1178 1574 1305 1633 quoque

237 1681 318 1723 unas
352 1663 450 1723 fuisse
484 1669 632 1733 censeret,
669 1663 800 1723 fortasse
837 1663 937 1740 magis
972 1668 1154 1724 constanter
1181 1663 1303 1740 egisset,

238 1787 433 1847 quamquam
465 1768 498 1829 id
522 1769 616 1829 ualde
638 1768 761 1846 gaudeo
784 1788 859 1829 eum
883 1788 993 1831 causas
1017 1769 1057 1830 ad
1081 1771 1163 1830 festa
1186 1768 1303 1829 disiun-

237 1876 340 1954 genda
368 1881 434 1937 tam
458 1894 569 1954 graues
593 1895 660 1937 esse
683 1882 803 1955 putare.
844 1876 900 1954 qui
922 1884 1029 1937 autem
1055 1896 1091 1936 ea
1115 1877 1304 1953 coniungere

238 1984 317 2053 uult,
353 1983 544 2043 sententiam
579 2001 670 2043 suam
698 1988 807 2044 eontra
832 1983 1111 2044 Wachsmuthium
1136 1983 1304 2043 defendere

238 2095 341 2168 potest
364 2110 401 2150 ea
424 2088 589 2163 adhibens,
614 2108 686 2167 quae
707 2089 745 2149 de
761 2091 882 2168 templo
899 2090 1030 2150 inuento
1046 2090 1085 2149 de
1102 2088 1189 2150 Prott
1205 2090 1302 2163 dixit,

238 2197 446 2274 quamobrem
481 2215 577 2274 quare
612 2196 641 2256 ei
664 2195 810 2257 assentiri
833 2215 898 2256 non
921 2197 1052 2275 possim,
1077 2196 1303 2275 exponendum

238 2309 293 2364 est.
340 2305 475 2383 prelum,
511 2303 596 2381 quod
632 2304 737 2364 locum
772 2302 877 2363 Lenaei
909 2322 976 2363 esse
999 2303 1139 2364 indicare
1163 2309 1302 2382 putatur,

237 2411 271 2471 in
306 2411 430 2489 regione
465 2411 572 2472 clausa
606 2419 662 2484 est,
698 2429 770 2488 quae
805 2429 871 2470 uno
899 2409 949 2469 die
972 2410 1047 2470 XII.
1074 2410 1170 2470 Anth.
1196 2416 1305 2487 aperta

237 2537 304 2578 esse
328 2518 452 2578 dicitur.
499 2518 606 2596 itaque
630 2516 670 2577 ad
695 2535 782 2578 sacra
805 2517 901 2577 huius
923 2516 994 2589 diei,
1013 2517 1134 2594 quaein
1151 2517 1304 2576 honorem

238 2624 372 2684 Limnaei
395 2624 648 2702 perficiebantur,
673 2643 737 2684 non
760 2623 800 2684 ad
830 2624 944 2684 Lenaea
970 2623 1115 2702 pertinet.
1152 2621 1303 2700 quamob-

237 2750 304 2791 rem
348 2731 374 2791 si
412 2730 570 2808 regionem
610 2730 789 2790 Limnaeum
829 2748 896 2791 esse
934 2730 1103 2802 credimus,
1143 2729 1302 2806 reliquias,

238 2856 309 2915 quae
332 2839 407 2898 solae
430 2836 469 2898 de
493 2837 606 2898 Lenaeo
630 2844 770 2910 monent,
799 2836 840 2896 ad
864 2856 930 2897 rem
953 2834 1234 2896 demonstrandam
1252 2835 1304 2895 ad·

238 2943 339 3005 biberi
378 2962 441 3005 non
480 2951 623 3023 possunt.
671 2943 786 3004 dixerit
825 2949 932 3004 autem
967 2944 1128 3023 quispiam
1164 2942 1215 3003 die
1249 2942 1304 3002 illo

238 3052 357 3130 populo
391 3050 550 3128 regionem
586 3050 672 3110 adire
706 3051 843 3123 licuisse,
872 3051 993 3111 Lenaeis
1017 3055 1124 3111 autem
1149 3069 1237 3110 sacra
1260 3067 1304 3109 se·

238 3163 323 3218 oreta
360 3157 499 3237 perfecta
532 3175 608 3231 esse,
643 3158 677 3216 in
712 3157 829 3235 quibus
865 3159 951 3237 prelo
986 3158 1102 3218 initiati
1127 3162 1302 3227 uterentur3

238 3270 362 3325 constat
384 3271 491 3324 autem
515 3258 557 3344 (u.
583 3283 626 3324 or.
652 3264 685 3323 in
709 3261 823 3344 Neeer.)
846 3283 934 3325 sacra
955 3283 1136 3343 gerararum
1153 3262 1303 3340 mysteria

237 3370 345 3444 fuisse,
370 3369 410 3431 ad
434 3390 505 3449 quae
529 3372 666 3450 populus
690 3390 754 3431 non
778 3371 1023 3444 admittebatur;
1049 3370 1132 3447 regio
1156 3388 1227 3447 ergo
1243 3368 1304 3429 hoc

238 3496 365 3556 quoque
388 3477 439 3538 die
462 3477 558 3538 modo
580 3478 629 3551 iis,
654 3478 709 3555 qui
733 3470 884 3556 mysteria
906 3477 1120 3556 perficiebant,
1145 3474 1302 3555 aperieba-

237 3588 298 3645 tur.
354 3585 461 3662 itaque
496 3585 619 3663 prelum
655 3584 788 3644 Limnaei
824 3589 899 3658 erat,
935 3592 971 3644 ut
1005 3585 1162 3663 templum
1199 3582 1303 3642 Lenaei

237 3691 335 3751 fuisse
369 3710 409 3751 ex
443 3711 480 3751 eo
512 3690 660 3751 concludi
690 3710 754 3751 non
779 3691 888 3769 possit.
935 3710 1028 3769 porro
1052 3709 1181 3750 murum
1205 3696 1304 3749 trans·

237 3816 366 3858 uersum
402 3797 523 3859 aedibus
558 3797 763 3858 recentiorem
800 3816 866 3858 esse
901 3803 993 3876 putat
1029 3796 1198 3876 Doerpfetd
1226 3795 1301 3855 Ath.

238 3904 344 3965 Mitth.
379 3904 451 3978 XX,
483 3904 555 3966 174.
603 3904 688 3981 quod
713 3904 739 3965 si
762 3904 808 3965 ita
831 3910 887 3976 est,
913 3904 995 3964 aedes
1019 3904 1096 3965 olim
1120 3904 1153 3963 in
1177 3903 1304 3979 regione

238 4011 390 4072 continua
423 4010 586 4072 aedificatae
620 4015 704 4072 sunt.
752 4010 812 4072 hoc
846 4010 923 4071 satis
952 4011 1069 4071 mirum
1093 4016 1150 4084 est,
1175 4028 1248 4070 cum
1272 4013 1303 4068 et

238 4136 326 4178 sacra
356 4136 534 4195 gerarorum
559 4123 591 4177 et
613 4116 727 4178 Lenem
749 4116 927 4195 antiquitus
950 4116 1067 4177 tradita
1091 4108 1164 4189 sint,
1188 4120 1225 4175 ut
1245 4133 1305 4175 suo
