3225 5034
660 401 857 499 -1235

121 645 125 651 ¹
221 585 310 640 antes
343 578 521 657 praelibant.
569 577 779 660 quamobrem
813 577 989 638 libamenta
1025 579 1165 657 primum
1194 584 1225 639 et
1247 580 1293 639 ul·

220 686 336 746 timum
361 685 487 746 Baccho
510 685 636 744 dantur,
677 702 783 761 aquo
807 684 870 744 ritu
893 683 1024 744 initium
1048 685 1293 762 compotationis

220 799 351 870 captum
386 793 436 858 sit,
472 791 698 851 Phanodemus
725 790 824 851 tradit
847 790 933 869 apud
960 791 1074 851 Athen.
1099 791 1148 851 XI
1171 812 1202 869 p.
1228 792 1292 853 464

220 900 245 960 F
281 918 318 979 sq
351 895 520 975 (LXXIV).
568 899 636 958 baec
672 898 711 958 de
735 897 877 958 Choibue
901 897 963 958 dici
988 899 1052 957 iam
1077 899 1222 975 agnitum
1247 904 1295 959 est

221 1014 314 1067 etex
338 1025 375 1065 eo
410 1011 551 1084 apparet,
587 1004 674 1083 quod
708 1005 743 1064 in
779 1006 901 1084 templo
925 1004 1067 1065 LImnaeo
1090 1006 1167 1065 ulno
1192 1006 1293 1065 mixto
1386 1003 1389 1007 ’

221 1132 295 1174 cum
320 1132 404 1191 aqua
427 1113 531 1190 prIma
554 1111 665 1172 libatio
690 1111 815 1172 Baccho
832 1112 974 1171 Limnaeo
990 1110 1177 1185 effunditur,
1194 1112 1294 1190 prius·

220 1237 318 1299 quam
354 1219 416 1297 ipsi
451 1219 564 1279 uinum
592 1225 730 1296 gustant.
779 1226 912 1279 conatur
936 1218 1159 1279 Phanodemus
1183 1238 1295 1296 cogno·

222 1346 295 1387 men
320 1326 454 1386 LImnaei
479 1326 529 1386 dei
554 1345 591 1386 eo
615 1326 782 1404 explicare,
808 1325 893 1403 quod
917 1325 1063 1386 liomines
1078 1327 1192 1386 uinum
1211 1344 1294 1403 aqua

221 1430 336 1515 (λίμνη)
371 1433 509 1493 mixtum
547 1438 655 1511 potare
691 1432 822 1505 docuit„
846 1444 876 1492 et
901 1438 936 1493 ut
960 1433 1105 1511 explicet,
1131 1433 1208 1511 quid
1233 1430 1295 1492 sibi

221 1542 299 1602 uelit
334 1540 468 1600 Limnaei
503 1558 631 1612 nomen,
667 1546 740 1618 apte
776 1540 993 1600 caerimoniam
1025 1540 1059 1599 iu
1084 1539 1134 1599 dei
1159 1539 1294 1599 Limnaei

221 1650 375 1709 bonorem
410 1653 514 1707 actam
551 1646 651 1706 affert.
699 1652 802 1706 totum
840 1647 1025 1707 conuiuium
1051 1647 1159 1706 tutelae
1182 1646 1234 1705 dei
1258 1665 1294 1705 eo

221 1753 518 1826 commendabatur,
543 1753 629 1832 quod
655 1754 804 1831 poculum
831 1755 982 1813 ultimum
1008 1759 1039 1813 et
1062 1772 1203 1819 coronas.
1227 1752 1294 1831 qui-

224 1862 283 1922 bus
318 1861 458 1921 redimiti
485 1867 684 1938 potauerant,
709 1860 738 1919 ei
762 1860 989 1920 consecrabant
1012 1860 1170 1920 feriantes.
1219 1879 1294 1919 nam

221 1969 309 2047 apud
344 1968 459 2029 Athen.
497 1967 536 2037 X,
573 1968 636 2027 437
673 1967 701 2026 Ι)
737 1964 850 2045 (LXX)
885 1967 1039 2027 conuiuae
1074 1966 1160 2027 idem
1188 1972 1295 2027 narrat

222 2095 354 2136 coronas
393 2075 515 2153 poculis
554 2075 766 2134 circumdatas
802 2074 938 2146 mulieri,
975 2092 1046 2152 quae
1081 2074 1132 2134 dei
1161 2074 1295 2134 Limnaei

223 2183 369 2243 sacerdos
384 2191 460 2251 erat,
478 2181 655 2254 tradidisse,
673 2200 737 2259 quo
754 2182 838 2241 laeto
854 2180 891 2239 τὰ
908 2174 1051 2240 ἐπίλοιπα
1063 2182 1095 2240 in
1110 2181 1230 2259 templo
1243 2199 1295 2241 eos

225 2290 426 2350 sacrificasse.
467 2308 506 2348 ex
524 2288 582 2348 boc
600 2288 696 2348 uerbo
713 2305 776 2361 eos,
793 2288 880 2366 quod
897 2289 965 2348 uini
982 2294 1154 2366 supererat,
1173 2287 1296 2347 Baccho

224 2397 375 2456 libauisse
400 2396 578 2456 Mommsen
598 2395 705 2455 Heort.
726 2395 800 2466 365,
818 2395 900 2455 [lest.
917 2395 989 2455 Atb.
1010 2395 1073 2455 396
1090 2393 1297 2473 probabiliter

223 2504 389 2564 conclusit.
429 2502 555 2562 etiamsi
579 2503 618 2561 de
642 2503 713 2562 aliie
735 2502 832 2563 sacris
856 2502 1019 2580 accipitur,
1045 2502 1201 2562 sententia
1226 2519 1297 2561 mee

222 2630 288 2671 non
324 2610 540 2678 imminuitur;
577 2628 651 2668 nam
692 2615 831 2669 «cetera»
868 2605 916 2688 (rol
952 2601 1114 2689 ἐπίλοιπα),
1152 2627 1225 2668 cum
1257 2606 1296 2667 de

223 2718 373 2779 conuiuio
408 2716 533 2777 Choum
569 2715 667 2775 uerba
701 2716 774 2780 sint,
810 2724 912 2776 cetera
946 2733 1043 2786 sacra,
1076 2733 1148 2793 quae
1171 2714 1211 2774 ad
1237 2715 1297 2774 hoc

223 2824 435 2904 pertinebant,
472 2823 648 2900 significare
684 2841 810 2883 necesse
844 2832 901 2895 est,
934 2832 969 2882 nt
993 2824 1053 2883 hoc
1077 2839 1205 2900 quoque
1229 2840 1297 2899 pro·

227 2931 301 2992 bato
325 2932 388 2991 ritu
411 2950 499 2991 sacro
523 2930 663 3009 quodam
689 2931 874 2991 conuiuium
901 2930 1028 2989 finitum
1050 2947 1117 2989 esse
1134 2940 1295 3006 appareat.

224 3038 264 3098 ad
302 3039 385 3098 hanc
418 3038 673 3098 comissationem
700 3038 859 3097 cantilena
883 3036 1045 3115 Aristoph.
1070 3036 1148 3096 Ran.
1176 3053 1205 3094 u.
1233 3036 1293 3095 211

226 3165 294 3224 sqq.
333 3142 427 3224 (CIV)
462 3149 605 3217 refertur,
631 3145 664 3204 in
689 3164 753 3223 que
776 3145 904 3221 Chytris
927 3143 1023 3204 sacris
1047 3143 1186 3221 populus
1210 3142 1297 3201 uino·

224 3272 278 3312 sus
296 3240 576 3332 (κραιπαλόκωμοὲ)
593 3254 625 3311 in
643 3254 800 3330 templum
815 3251 931 3311 Bacchi
946 3247 1100 3330 (Inmnaei,
1115 3247 1201 3327 quod
1214 3250 1297 3308 eolli-

225 3360 310 3435 gitur
333 3379 381 3418 ex.
408 3379 438 3419 u.
465 3360 541 3434 211)
565 3360 673 3419 uenire
698 3359 822 3424 dicitur,
849 3357 933 3435 quod
960 3357 1149 3433 heortologIs
1175 3373 1298 3433 magnae

225 3467 378 3526 molestiae
413 3466 483 3525 fua.
531 3468 653 3526 clarum
688 3467 772 3525 enirn
798 3466 1018 3526 testimonium
1043 3463 1186 3540 Didymi,
1211 3461 1298 3540 quod

223 3574 256 3633 in
294 3574 390 3632 schol.
428 3573 468 3632 ad
506 3576 549 3632 Ar
589 3574 666 3632 Aeli.
696 3572 780 3633 1076
804 3569 869 3651 (CI)
892 3581 923 3630 et
947 3571 1033 3649 apud
1058 3570 1190 3631 Suidant
1216 3588 1239 3629 s
1265 3589 1296 3630 u.

227 3674 339 3757 Xbrpct
371 3680 404 3739 in
429 3681 533 3756 glossa
557 3681 659 3757 prima
684 3680 766 3755 (ΟΠ)
790 3697 881 3756 paene
906 3678 1019 3738 iisdem
1044 3677 1150 3738 uerbIs
1174 3676 1297 3754 legitur,

226 3788 364 3846 auctoris
388 3786 474 3846 haud
501 3787 680 3864 spernenda
706 3787 760 3863 qui
785 3786 897 3845 eodem
923 3784 974 3845 die
998 3784 1100 3844 Choes
1116 3792 1147 3843 et
1164 3785 1298 3861 Chytros

225 3894 276 3971 agi
312 3895 431 3963 asserit,
466 3914 483 3952 a
519 3894 629 3953 ceteris
664 3893 822 3960 abhorret,
860 3893 914 3970 qui
950 3891 1097 3951 unanimi
1122 3890 1224 3950 Choes
1247 3889 1299 3948 die

225 4000 299 4060 XII.
337 4009 367 4060 et
401 4001 536 4078 Chytros
560 4000 651 4060 XIII.
679 4000 932 4060 Anthesterionis
956 4005 1043 4058 actos
1066 4017 1134 4058 esse
1157 3997 1297 4057 tradunt.

226 4115 299 4167 ante
336 4107 515 4167 Gilbertum
547 4126 658 4168 omnes
682 4108 750 4167 sine
774 4124 863 4166 mora
887 4106 1027 4183 Didymo
1051 4104 1147 4164 fidem
1172 4104 1298 4180 alrroga·
