3225 5034
685 403 863 464 ..53-

240 580 314 641 dem
344 600 382 642 ea
403 581 556 660 respicere
581 599 645 641 non
667 582 808 660 potuisse
832 580 982 655 affirmat,
1006 580 1091 659 quod
1115 588 1242 643 tantum
1266 582 1306 643 de

239 687 401 766 Dionysiis
428 687 557 748 urbanis
581 693 694 765 ageret.
742 687 780 748 de
803 688 933 767 templis
956 688 1086 766 quidem
1111 688 1240 749 urbanis
1264 690 1305 749 lo

240 794 358 873 quitur,
383 794 438 856 sed
461 813 546 867 cum,
566 813 638 872 quae
654 793 875 872 antiquissima
894 794 1137 856 Atheniensium
1154 796 1307 873 Dionysia

239 909 353 975 essent,
378 901 517 962 indicare
540 902 646 975 uellet,
670 901 816 961 omnium
833 899 873 961 ab
890 901 928 962 iis
945 900 1173 978 celebratorum
1191 901 1306 962 Bacchi

239 1008 393 1069 festorum
439 1008 593 1068 rationem
641 1006 756 1068 habere
797 1007 943 1068 debebat.
1010 1007 1124 1068 melius
1166 1009 1306 1069 Francis·

239 1133 295 1176 oua
326 1115 412 1176 Groh
448 1114 537 1176 Stud.
574 1114 613 1174 de
646 1111 713 1174 πολ.
751 1109 827 1175 'Aa
856 1134 886 1193 p.
913 1114 955 1175 50
978 1134 1044 1174 rem
1069 1115 1114 1175 ita
1136 1116 1306 1193 explanare

239 1222 319 1295 uult,
344 1228 381 1281 ut
404 1221 488 1282 dicat
512 1220 732 1298 Thucydidem
757 1220 796 1281 de
822 1221 904 1281 binis
928 1220 1090 1299 Dionysiis
1113 1222 1210 1299 loqui,
1234 1240 1306 1300 quae

239 1328 273 1389 in
296 1329 351 1388 illa
374 1336 463 1406 parte
487 1327 573 1389 urbis
597 1328 753 1389 celebrata
775 1328 849 1400 sint,
875 1328 988 1388 Lenaea
1007 1334 1113 1388 autem
1131 1347 1196 1388 non
1212 1328 1306 1407 respi-

239 1454 316 1503 cere,
353 1435 471 1514 quippe
506 1453 578 1512 quae
612 1435 646 1495 in
673 1435 737 1495 alia
759 1434 847 1495 urbis
870 1442 960 1513 parte
982 1440 1054 1496 acta
1076 1435 1149 1496 sint.
1196 1435 1223 1495 si
1246 1436 1306 1496 hoc

239 1548 321 1603 recte
345 1540 515 1614 concludit,
540 1541 651 1620 quanti
677 1542 832 1602 momenti
856 1541 896 1602 ad
921 1542 1164 1621 topographiam
1187 1542 1306 1610 sitne

239 1649 360 1710 minem
396 1648 490 1726 fugit;
525 1648 579 1708 sed
604 1668 643 1708 ne
667 1648 727 1709 hoc
750 1648 892 1726 quidem,
918 1667 1113 1727 quamquam
1138 1648 1306 1709 difficulta-

238 1763 304 1818 tem
328 1754 580 1832 ingeniosissime
603 1755 745 1828 extricat,
763 1755 844 1815 mihi
860 1755 1048 1834 persuadere
1064 1774 1204 1833 possum.
1229 1775 1306 1816 nam

238 1854 406 1934 sententia,
439 1862 473 1922 in
497 1861 623 1939 quade
647 1861 807 1940 Dionysiis
831 1862 972 1939 loquitur
994 1861 1207 1936 Thucydides,
1232 1882 1306 1923 cum

239 1970 310 2032 aliis
344 1970 416 2029 laxe
451 1988 572 2029 conexa
593 1968 633 2028 ad
658 1968 908 2047 disputationem
933 1967 973 2028 de
996 1969 1059 2029 situ
1083 1969 1307 2046 antiquissimo

239 2076 326 2137 urbis
362 2095 426 2136 non
461 2075 610 2153 pertinen
647 2075 702 2136 sed
738 2074 834 2135 modo
869 2075 1006 2148 additur,
1032 2082 1068 2135 ut
1091 2076 1248 2154 templum
1272 2075 1306 2135 in

238 2182 362 2244 Limnis
397 2182 624 2261 perantiquum
658 2200 724 2242 esse
759 2181 1002 2243 demonstretur.
1061 2201 1132 2242 eam
1167 2181 1208 2242 ob
1239 2201 1305 2242 rem

239 2290 441 2352 Anthesteria
476 2308 549 2349 cum
584 2290 713 2349 omnim
736 2288 847 2349 ceteris
871 2289 1032 2366 Dionysiis
1055 2289 1232 2367 comparari
1255 2307 1307 2348 ne

239 2415 324 2458 cesse
359 2402 415 2467 est,
451 2401 487 2456 ut
519 2395 582 2455 iam
608 2395 684 2456 dixi.
731 2395 839 2473 itaque
864 2396 1101 2473 companaticus
1124 2395 1186 2455 alio
1210 2395 1306 2456 modo
1382 2433 1385 2441 ·

239 2503 448 2582 explicandus
471 2508 527 2563 est.
563 2502 649 2580 quod
673 2502 798 2562 Boeckh
824 2521 853 2580 p.
884 2502 943 2561 141
970 2501 1061 2574 dixit,
1086 2521 1150 2562 non
1176 2501 1305 2575 sufficit,

239 2609 325 2689 quod
349 2609 551 2688 Thucydides
575 2608 614 2669 de
637 2609 702 2670 suis
725 2609 924 2686 temporibus
949 2609 1097 2686 loquitur.
1129 2609 1306 2669 enuntiatio

239 2711 340 2796 ὥσπερ
374 2717 426 2775 καὶ
462 2709 490 2775 οἱ
518 2711 569 2774 ἀπ’
595 2711 772 2796 Ἀθηναίων
794 2699 900 2781 Ἴωνες
924 2711 967 2773 ἔτι
990 2715 1043 2774 καὶ
1066 2722 1115 2773 νὺν
1139 2716 1305 2795 νομίζουσιν

238 2843 303 2885 non
338 2824 405 2885 sine
440 2842 535 2885 causa
559 2821 727 2883 subiuncta
750 2828 806 2883 est.
854 2841 891 2881 ea
914 2821 1000 2882 enim
1024 2821 1179 2883 indicium
1203 2821 1305 2895 affert,

239 2950 295 2992 cur
328 2931 396 2991 haec
432 2930 585 3007 Dionysia
614 2929 724 2990 ceteris
748 2929 928 3007 antiquiora
951 2947 1018 2989 esse
1041 2928 1157 3002 credat,
1182 2935 1213 2990 et
1236 2929 1305 2989 haec

239 3037 470 3115 argumentatio
494 3055 568 3097 cum
592 3055 678 3097 more
701 3035 839 3097 auctoris
863 3035 1063 3096 subtilissimi
1084 3041 1115 3095 et
1130 3035 1306 3096 acutissimi

239 3144 359 3222 optime
393 3145 559 3205 consentit.
607 3143 691 3221 quod
728 3142 977 3203 Atheniensibus
1011 3148 1042 3202 et
1076 3141 1218 3213 Ionibus,
1250 3142 1306 3219 qui

239 3250 280 3311 ab
310 3251 373 3310 illis
396 3249 524 3310 oriundi
547 3255 646 3323 crant,
671 3249 730 3310 hoc
754 3251 871 3309 festum
897 3248 1011 3309 Bacchi
1035 3267 1205 3309 commune
1229 3255 1304 3321 erat,

239 3364 341 3418 cetera
364 3376 428 3417 non
451 3356 505 3429 ita,
531 3356 610 3417 illud
634 3357 685 3418 his
708 3356 872 3433 antiquius
895 3374 962 3416 esse
978 3354 1148 3416 concludit.
1190 3355 1305 3416 Anthe-

229 3464 331 3525 steria
355 3465 451 3541 igitur
474 3457 661 3544 ἀρχαιότερα
685 3469 759 3523 sunt
782 3496 826 3504 —
849 3462 910 3522 nisi
934 3480 1005 3539 quae
1034 3456 1223 3541 ἀρχαιότατα
1238 3480 1305 3522 esse

239 3571 371 3632 forsitan
395 3570 510 3648 aliquis
526 3570 686 3649 putauerit
702 3604 745 3611 -
761 3570 780 3629 i.
798 3589 825 3628 e.
843 3577 916 3628 ante
932 3567 1171 3645 emigrationem
1189 3568 1305 3628 Ionum

239 3678 421 3749 constituta,
450 3684 550 3738 cetera
575 3676 726 3754 Dionysia
750 3676 922 3736 recentiora
945 3675 965 3734 i.
991 3694 1017 3735 e.
1042 3680 1114 3753 post
1130 3675 1304 3752 emigratio·

239 3804 312 3844 nem
346 3790 423 3844 orta.
471 3783 522 3843 hic
547 3801 622 3843 usus
646 3782 856 3861 comparatiui
879 3782 907 3841 is
930 3789 985 3854 est,
1011 3781 1050 3841 de
1074 3800 1137 3859 quo
1161 3781 1305 3841 Kiihner·

240 3891 337 3952 Gerth
372 3911 416 3968 gr.
452 3910 496 3968 gr.
534 3890 553 3967 ξ
589 3888 652 3949 349
682 3888 713 3963 1),
738 3889 757 3948 3
782 3889 1036 3967 comparatiuum
1061 3886 1204 3949 adhiberi
1227 3887 1305 3947 dicit

242 3998 369 4076 »haufig
392 3998 475 4058 auch
499 3996 549 4071 da,
573 4016 621 4058 wo
645 3996 758 4056 Einem
783 3995 1003 4073 Gegenstaude
1021 3994 1162 4055 mehrere
1178 3993 1303 4066 andere,

239 4105 272 4183 ja
295 4106 356 4164 alle
379 4104 518 4164 anderen
542 4102 705 4164 derselben
729 4103 842 4163 Klasse
869 4100 1166 4180 gegeniiberstehen,
1195 4098 1304 4160 indam
