3225 5034
770 387 969 446 -10‘2-

336 566 447 644 opolis‚
484 566 535 628 oui
570 571 636 628 tam
671 564 728 625 diu
762 563 894 626 taedium
920 563 995 624 uitae
1018 564 1148 628 urbanae
1171 572 1203 625 st
1227 565 1404 625 molestiam

337 672 412 732 belli
447 672 583 750 perferre
618 690 744 734 necesse
779 676 855 744 erat,
888 689 964 747 piace
988 672 1071 734 iacta
1095 691 1147 734 rus
1171 671 1272 736 redux
1295 673 1406 736 laetitia

336 779 483 842 exultans
518 779 666 849 Phaletis‚
702 777 820 842 sodalis
854 778 980 851 Bacchi,
1017 778 1127 842 laudas
1154 779 1294 842 carmine
1318 778 1405 850 dicit,

337 885 422 963 quod
457 885 519 947 sibi
542 886 658 963 gaudia
682 885 763 952 ruris
787 892 818 945 et
843 885 973 948 Veneris
997 884 1126 948 dederit.
1176 904 1274 963 quam
1298 886 1406 947 crebra

336 992 479 1054 carmina
514 993 652 1070 phallica
685 993 814 1063 tuerint,
850 992 982 1070 pulchro
1006 992 1124 1054 scimus
1152 1012 1226 1056 cum
1250 1012 1267 1052 e
1291 993 1405 1056 lexico·

336 1100 465 1178 graphis
499 1105 570 1160 tum
605 1119 621 1159 e
655 1101 722 1159 loco
758 1099 945 1171 Aristotelis,
977 1098 1033 1158 ubi
1056 1098 1210 1176 originem
1235 1098 1408 1162 comoedia

337 1205 376 1266 iis
411 1207 539 1268 ascribit
574 1225 673 1284 eaque
708 1224 765 1266 sua
800 1210 892 1268 aetate
927 1205 961 1265 in
996 1205 1105 1268 multis
1137 1206 1264 1284 oppidis
1288 1205 1409 1268 seruari

337 1312 423 1373 dicit.
471 1312 792 1373 animaduertendum
829 1319 876 1371 est
909 1331 945 1371 ea
969 1313 1075 1389 potius
1099 1311 1254 1390 phanum,
1280 1313 1408 1390 signum

337 1419 552 1493 fecunditatis,
588 1419 743 1484 celebrare
779 1438 875 1496 qnam
914 1419 1084 1490 Bacchum,
1122 1424 1157 1480 ut
1192 1420 1256 1479 iam
1290 1438 1409 1482 nomen

337 1527 487 1587 carminis
531 1523 753 1605 (ithy)phallici
793 1526 913 1604 prodit;
957 1528 997 1585 of.
1037 1545 1155 1586 nomen
1195 1527 1285 1586 metri
1326 1526 1410 1603 ithy-

337 1633 467 1711 phallioi
503 1629 610 1711 (schol.
637 1633 800 1711 Hephaest.
828 1633 880 1702 35,
906 1632 923 1692 7
949 1631 998 1692 ed.
1025 1633 1138 1707 Gaisi.)
1160 1639 1191 1692 et
1214 1634 1333 1709 glossas
1358 1652 1408 1691 ex.

337 1760 363 1801 c.
391 1741 528 1818 Hesych.
554 1738 711 1821 φαλλικόν.
737 1775 780 1780 -
805 1774 846 1780 -
870 1731 948 1820 ᾠδὴν
965 1730 1161 1819 αὐτοσχέδιον
1179 1734 1227 1797 ἐπὶ
1243 1746 1283 1817 τῷ
1300 1737 1411 1821 φαλλῷ

338 1840 496 1927 adoptant.
556 1866 651 1924 quern
690 1847 879 1924 Dioaeopolis
914 1847 1009 1916 canit,
1045 1853 1092 1906 est
1127 1846 1244 1907 sodalis
1279 1846 1409 1920 Bacchi,

337 1974 403 2014 non
438 1953 591 2026 Bacchus,
628 1952 717 2031 isque
753 1952 865 2014 Phales
900 1972 995 2012 nemo
1030 1961 1077 2014 est
1112 1953 1172 2014 nisi
1205 1953 1332 2031 phallus
1357 1953 1410 2012 dei

338 2068 474 2139 persona
500 2061 633 2120 indutus
657 2057 822 2141 (φαλῆςε
849 2060 978 2137 phallus
1001 2062 1052 2119 Ar.
1079 2060 1150 2137 Lys.
1178 2059 1251 2132 771,
1277 2060 1409 2120 Lucian.

339 2168 410 2246 Iup.
446 2175 522 2243 trag.
561 2167 613 2238 42,
649 2167 724 2226 Hes.
761 2185 784 2226 s.
813 2186 841 2226 u.
868 2161 1041 2245 Θυωνίδας).
1090 2167 1124 2225 in
1148 2167 1245 2226 altero
1269 2167 1411 2226 carmine

338 2274 620 2354 phallophororum
657 2293 676 2333 a
710 2273 846 2334 Semone
882 2273 964 2332 delio
1000 2272 1091 2333 nobis
1126 2279 1261 2345 seruata,
1291 2272 1410 2333 Athen.

338 2381 427 2444 Xtv.
464 2383 527 2440 (522
566 2381 599 2452 Β,
625 2380 752 2459 phallus
787 2380 855 2458 ipse
886 2379 964 2439 deus
990 2385 1134 2446 uocatur:
1161 2374 1296 2454 ἀνάγετε.
1323 2372 1412 2457 eupu-

338 2481 454 2568 χωρίαν
490 2495 529 2566 τῷ
564 2488 628 2565 θεῷ
665 2493 784 2545 ποιεῖτε,
823 2480 927 2545 ἐθέλει
962 2484 1019 2564 γὰρ
1056 2478 1071 2545 ὁ
1101 2484 1176 2552 θεὸς
1200 2480 1294 2563 ὀρθὸς
1318 2481 1412 2566 sopo-

339 2592 474 2673 δωμένος
509 2591 559 2653 διὰ
593 2597 687 2673 μέσον)
723 2590 864 2670 βαδίζειν.
911 2594 979 2653 inre
1014 2594 1175 2670 quaeritur,
1212 2612 1317 2652 nonne
1350 2593 1412 2653 hoc

338 2702 566 2781 primigenium
591 2701 686 2761 luerit
709 2707 741 2760 et
764 2705 856 2760 aetate
881 2700 1050 2777 posteriore
1075 2719 1203 2778 pompa,
1229 2718 1300 2777 quae
1319 2699 1412 2758 initio

339 2809 449 2887 phallo
485 2808 669 2878 ducebatur,
695 2807 819 2868 Baccho
843 2807 980 2885 ascripta
1004 2807 1054 2880 sit,
1080 2805 1165 2884 quod
1191 2807 1217 2866 is
1241 2806 1411 2866 hominum

339 2916 592 2992 animaliumque
615 2913 818 2974 fecunditatis
835 2919 866 2973 et
882 2914 1054 2974 fertilitatis
1071 2933 1217 2990 agrorum
1235 2912 1410 2973 hortorum·

339 3042 402 3100 que
437 3030 590 3100 patronus
625 3021 726 3099 phalli
750 3040 881 3080 munere
906 3020 1106 3098 fungebatur.
1154 3020 1300 3098 phallum
1325 3020 1412 3080 enim

339 3130 381 3188 ob
420 3128 649 3189 fecunditatem
690 3127 868 3203 antiquitus
908 3127 1054 3187 colebant
1093 3127 1194 3187 Graeci
1230 3133 1266 3186 ut
1300 3126 1412 3204 populi

340 3235 566 3311 consanguinei
592 3268 633 3276 -
659 3234 741 3305 Iudi,
760 3235 847 3304 ltali;
865 3234 958 3293 Sueci
975 3233 1070 3293 deum
1088 3233 1271 3293 Fricoonem
1290 3233 1413 3309 ingenti

341 3344 452 3421 priapo
488 3340 660 3419 fingebant,
698 3360 784 3418 up.
812 3340 853 3400 93
878 3359 951 3399 ann.
978 3374 1018 3382 -
1045 3341 1203 3418 multique
1226 3340 1289 3398 alii.
1339 3341 1413 3398 lino·

340 3450 419 3510 chus
445 3455 551 3508 autem
577 3450 700 3510 aduena
725 3455 781 3521 est,
807 3467 902 3525 quem
928 3448 966 3507 de
991 3448 1060 3536 aliis
1084 3446 1231 3526 gentibus
1249 3452 1413 3523 receptum

340 3567 447 3635 postea
485 3556 517 3615 in
542 3574 696 3634 pompam
720 3556 894 3634 phallicarn
919 3554 1086 3632 feriasque,
1111 3573 1182 3631 quas
1206 3554 1247 3614 ob
1272 3552 1413 3613 fecundi·

340 3671 439 3724 tatem
475 3662 659 3739 agebantur,
696 3681 728 3721 se
764 3662 942 3722 insinuasse
978 3661 1118 3722 maxime
1155 3660 1326 3721 uerisimile
1355 3665 1411 3719 est·

342 3780 511 3849 postquam
559 3769 702 3829 llaochus
748 3788 823 3829 cum
862 3769 950 3829 cultu
989 3768 1089 3847 phalli
1127 3768 1316 3827 coniunctus
1355 3771 1412 3838 est,

341 3896 389 3937 res
424 3877 493 3954 ipsa
529 3876 659 3949 ferebat,
688 3883 724 3935 ut
747 3877 874 3954 phallus
899 3876 966 3935 eius
990 3875 1116 3952 signum
1141 3893 1208 3934 esse
1233 3873 1412 3944 duceretur3

341 4003 434 4063 porro
458 3991 505 4042 est
530 3979 672 4048 natione
697 3977 801 4061 ὀρθός,
827 3982 917 4042 cuins
942 4001 1117 4059 cognomen
1139 4000 1212 4039 etim
1238 3980 1413 4058 phallicum

341 4109 408 4150 esse
433 4090 609 4166 significare
637 4090 764 4149 Boeckh
790 4089 921 4165 agnouit
944 4109 974 4167 p.
1004 4089 1076 4158 llll,
1094 4089 1125 4146 ci
1141 4086 1295 4158 ll'elcker,
1314 4084 1415 4145 Nach-
