3225 5034
765 389 942 447 „82-

319 567 457 644 fragium
494 567 610 639 mittat,
650 565 724 626 dein
759 566 786 627 si
814 566 886 643 quis
909 586 946 627 eo
969 573 1136 627 contentus
1161 567 1299 637 nonsit,
1324 585 1389 643 qua

318 673 504 735 condicione
538 672 579 733 ad
602 672 733 734 demum
758 691 930 752 prouocare
953 674 1055 747 liceat,
1080 673 1239 735 statuitur.
1286 673 1389 751 sequi-

319 787 371 841 tur
405 780 631 859 paragraphus,
655 799 727 858 quae
751 780 888 840 multam
910 781 1073 841 intentans
1097 779 1305 841 demarchum
1329 779 1388 840 has

318 888 416 948 resin
433 887 579 948 contione
603 886 742 965 quadam
767 906 914 965 peragere
930 887 1027 959 iubet,
1046 906 1118 965 quae
1134 886 1264 964 quando
1280 886 1385 961 fuerit,

317 995 351 1055 in
369 1001 457 1072 parte
473 994 608 1054 euanida
626 993 740 1065 extitit,
758 993 813 1054 sed
830 994 969 1072 primam
985 1014 1056 1054 eam
1073 994 1170 1056 fuisse
1187 994 1279 1054 facile
1296 993 1386 1054 intel·

318 1101 440 1179 legitur.
484 1101 592 1178 itaque
615 1101 650 1160 in
673 1101 733 1161 hac
756 1107 872 1161 tutare
888 1100 927 1160 de
944 1120 1074 1162 munere
1091 1100 1255 1162 demarchi
1271 1101 1385 1178 agitur.

318 1208 461 1287 sequitur
495 1208 661 1281 sententia,
697 1227 761 1285 qua
794 1208 927 1269 fortasse
963 1208 1103 1268 maxime
1137 1209 1226 1269 nisus
1250 1207 1389 1268 Koehler

318 1316 338 1375 1.
364 1316 383 1375 l.
410 1315 448 1375 de
484 1316 626 1393 pecuniis
654 1314 916 1376 administrandis
940 1314 1031 1387 dixit,
1056 1315 1208 1392 quoniam
1233 1314 1273 1373 da
1297 1333 1387 1393 pecu·

319 1423 373 1483 nia
396 1421 536 1499 quadam
559 1422 689 1500 pignore
713 1428 842 1500 accepto
866 1421 1101 1483 commodanda
1116 1423 1275 1482 statuitur.
1316 1439 1389 1499 quae

319 1535 426 1588 autem
451 1529 517 1588 haec
541 1529 582 1589 sit
606 1529 749 1605 pecunia,
774 1528 944 1602 nescimus,
969 1529 1030 1590 nisi
1055 1529 1258 1589 enuntiatum
1282 1527 1388 1588 condi·

319 1636 440 1697 cionale
474 1636 495 1696 l.
530 1636 582 1707 26,
608 1637 626 1696 7
651 1636 777 1714 explere
800 1654 980 1715 possumus.
1028 1636 1143 1713 legitur
1166 1630 1219 1694 ἐὰν
1244 1630 1277 1693 δὲ
1302 1628 1387 1716 cippi,

319 1737 464 1825 ὀφειλέτω
488 1739 651 1822 (numerus
674 1739 842 1816 euanidusi
866 1739 1018 1823 δραχμάς.
1059 1737 1112 1801 ἐὰν
1137 1735 1217 1799 OET
1234 1738 1388 1822 (quinque

318 1849 430 1910 littera
443 1846 598 1929 euanidae)
614 1842 651 1906 El
662 1843 811 1928 ἀργὺριον,
824 1845 967 1917 δανείζειν
978 1845 1068 1930 τοὺ(ς)
1080 1842 1194 1928 ἱερέα[ς
1204 1843 1388 1929 ἀ]ξιοχρείωι

319 1951 379 2038 ἐπῇ
402 1954 467 2016 κτλ,
511 1956 544 2016 in
568 1957 734 2017 enuntiato
757 1957 812 2016 illo
836 1962 867 2016 et
890 1955 1069 2018 subiectum
1094 1962 1125 2016 et
1148 1955 1284 2016 uerbum
1309 1954 1387 2015 desi·

319 2063 479 2135 derantur,
504 2082 576 2142 quae
592 2084 608 2124 e
624 2063 746 2137 litteris,
771 2082 851 2142 quas
874 2063 1025 2142 capitales
1049 2062 1210 2141 descripsi,
1230 2081 1386 2122 unacum
1467 2141 1470 2148 .

319 2172 460 2248 quinque
495 2170 640 2232 euanidis
674 2170 842 2230 efficienda
876 2176 960 2231 sunt.
1008 2164 1024 2230 ὁ
1060 2170 1211 2230 nimirum
1236 2168 1389 2229 articulus

319 2277 453 2338 subiecti
497 2283 553 2351 est,
594 2297 633 2336 -ει
671 2276 702 2338 h.
743 2297 768 2337 e.
810 2296 852 2358 -ηι
890 2277 1072 2338 terminatio
1111 2277 1201 2337 uerbi
1241 2277 1388 2337 coniunc-

319 2385 379 2444 tiui
414 2384 511 2457 modi,
536 2403 610 2446 cum
635 2384 696 2444 hoc
719 2384 753 2444 in
777 2385 871 2445 titulo
894 2385 1010 2463 saepius
1035 2404 1061 2442 ει
1085 2404 1143 2463 pro
1166 2402 1197 2464 ηι
1222 2383 1386 2444 scribatur.
1458 2409 1462 2416 ¹

319 2492 346 2551 si
370 2491 481 2551 littera
502 2496 634 2551 seruatae
650 2499 732 2552 recte
749 2491 873 2551 traditae
890 2498 974 2565 suut,
992 2511 1057 2552 non
1074 2491 1177 2564 uideo,
1196 2490 1274 2568 quid
1291 2490 1389 2550 fuisse

319 2598 420 2677 possit
454 2598 514 2658 nisi
551 2591 603 2656 ἐὰν
640 2592 656 2657 ὁ
691 2594 787 2665 irater
822 2597 874 2678 θῇ.
922 2618 987 2658 non
1022 2599 1126 2659 solum
1151 2590 1308 2662 τίθεσθαι,
1332 2594 1389 2656 sed

319 2705 415 2766 etiam
445 2703 562 2763 τιθέναι
589 2705 629 2766 de
652 2707 788 2784 pecunia
811 2706 915 2766 soluta
939 2706 989 2766 uel
1015 2706 1159 2784 deposita
1184 2705 1233 2765 uel
1258 2704 1389 2781 pignore

320 2810 449 2884 dicitur;
475 2812 514 2873 ad
539 2806 556 2871 ὁ
579 2808 675 2879 aaa
701 2813 793 2873 facile
818 2809 979 2893 δήμαρχος
1001 2812 1138 2873 auditur.
1186 2812 1246 2871 hac
1270 2812 1390 2871 coniec-

320 2925 392 2979 tura
426 2918 559 2997 prohata
593 2919 800 2980 demarchum
826 2938 970 2979 annuum
994 2920 1164 2998 pecuniam
1188 2917 1311 2996 pignori
1336 2936 1388 2994 op-

320 3044 437 3104 ponere
471 3026 611 3104 potuisse
645 3034 786 3105 apparet,
819 3046 891 3104 qua,
917 3045 956 3086 ne
980 3027 1013 3085 in
1037 3025 1314 3086 administratione
1338 3042 1388 3102 pe·

320 3131 422 3193 cuniae
446 3133 519 3210 pagi
543 3132 687 3192 fraudem
705 3134 926 3205 committeret,
944 3139 1117 3202 caueretur,
1147 3131 1389 3207 sacerdotesque

320 3239 347 3299 si
382 3239 550 3317 pecuniam
586 3238 767 3317 deponeret,
790 3260 873 3300 eam
911 3245 1054 3300 mutuam
1091 3239 1165 3298 dare
1196 3237 1387 3316 oportuisse3

321 3346 530 3423 quamobrem
566 3346 632 3406 haec
656 3365 782 3424 quoque
806 3346 1023 3425 paragraphus
1046 3346 1085 3406 ad
1112 3344 1321 3406 demarchum
1344 3362 1389 3402 re·

321 3452 451 3512 ferenda
474 3458 529 3512 est.
567 3453 586 3511 l.
613 3453 653 3512 32
678 3472 738 3530 sqq
762 3452 800 3512 de
825 3472 912 3513 sacro
936 3453 1075 3531 quodam
1093 3451 1264 3512 demarcho
1281 3469 1389 3530 perpa-

320 3559 434 3619 trando
458 3558 556 3619 uerba
579 3560 669 3620 fiunt.
709 3561 729 3619 l.
756 3561 797 3620 36
822 3579 891 3639 sqq,
916 3560 1033 3637 quibus
1057 3560 1096 3620 de
1120 3559 1213 3619 rebus
1235 3576 1320 3618 nono
1337 3555 1389 3617 die

321 3665 504 3726 Posideonis
527 3666 687 3743 agendum
710 3667 760 3740 sit,
786 3667 1007 3746 praescribitur.
1048 3667 1100 3727 hic
1124 3685 1251 3744 quoque
1268 3665 1389 3725 demar-

268 3793 270 3795 ·
321 3773 381 3834 cho
406 3774 508 3833 multa
534 3774 683 3834 intentari
708 3774 844 3847 uidetur,
869 3775 931 3835 nisi
954 3781 1112 3852 praecepta
1135 3775 1242 3852 explet
1265 3772 1296 3848 (l.
1322 3768 1386 3851 40).

321 3900 395 3940 cum
412 3899 461 3940 res
476 3880 521 3940 ita
537 3900 569 3940 se
586 3881 733 3954 habeant,
754 3881 890 3942 dubium
907 3901 971 3941 non
988 3887 1044 3950 est,
1063 3881 1141 3959 quin
1157 3881 1218 3940 hoc
1233 3881 1267 3939 in
1283 3879 1387 3952 titulo,

321 4006 393 4065 quae
415 4005 547 4047 munera
562 3988 729 4066 officiaque
746 3996 777 4048 et
793 4008 881 4048 sacra
897 3993 928 4048 et
945 3989 1077 4067 profana
1093 3987 1256 4047 demarchi
1272 3990 1387 4058 essent,

322 4099 353 4153 et
376 4113 439 4172 quo
464 4095 559 4155 modo
583 4095 754 4173 atquibus
778 4096 890 4156 diebus
915 4094 1167 4155 administranda
1194 4101 1307 4164 essent,
1332 4110 1390 4170 per
