3225 5034
765 426 939 486 -95-

317 606 431 667 Hslois
465 605 628 679 discimus,
664 604 704 664 de
738 603 857 682 quibus
891 609 966 664 unte
999 621 1101 681 peuce
1136 603 1203 663 sola
1226 607 1388 679 comperta

317 712 501 785 habuimus,
538 717 572 772 ut
607 730 693 771 nunc
727 712 767 772 de
796 717 910 772 notura
935 711 1047 770 barum
1072 710 1223 770 feriarum
1247 708 1389 769 iudicare

318 820 487 900 possimus,
523 838 604 897 qum,
640 824 677 878 ut
702 818 838 879 breuiter
861 817 976 887 dicam,
1001 816 1326 895 Thesmophoriorum
1349 814 1388 875 si·

318 927 463 988 millimae
497 931 581 987 sunt.
630 925 770 1004 primum
806 938 914 985 susem
949 925 1128 986 scholiastae
1161 924 1223 1002 ipsi
1257 921 1390 1000 obloqui

317 1053 444 1095 necesse
479 1041 535 1107 est,
572 1033 628 1111 qui
656 1033 723 1093 boec
747 1032 837 1093 dicit:
863 1026 951 1113 ἑορτὴ
975 1027 1135 1113 Ἀθήνησι
1161 1032 1311 1111 μυστήρια
1334 1047 1390 1087 πε-

319 1143 466 1220 ριέχουσα
501 1135 662 1221 Δήμητρος
695 1139 748 1198 καὶ
783 1132 889 1220 Κόρης
923 1138 976 1197 καὶ
1011 1134 1157 1197 Διονίνοοο
1180 1132 1228 1196 ἐπὶ
1252 1144 1288 1217 τῇ
1312 1141 1391 1215 τομῇ

319 1254 375 1306 τῶν
410 1241 554 1327 ἀμπέλων
587 1246 641 1305 παὶ
675 1253 712 1326 τῇ
746 1245 847 1321 reboet
881 1251 932 1304 roo
968 1239 1167 1324 ἀποκειμένου
1201 1240 1261 1326 ἤδη
1298 1239 1389 1302 οἴνοο.

318 1374 384 1414 non
419 1353 532 1414 dubito
568 1354 636 1414 hoec
658 1354 790 1413 inuenta
814 1352 989 1431 repudiare,
1015 1371 1213 1430 quamquam
1237 1371 1277 1410 ex
1299 1358 1390 1429 purte

318 1461 358 1521 iis
393 1461 610 1521 assentiuntur
645 1460 678 1521 C.
708 1461 757 1520 Fr.
786 1459 954 1520 Hermann
978 1459 1090 1519 Lehrb.
1117 1459 1147 1519 d.
1172 1478 1215 1537 gr.
1242 1459 1304 1519 All.
1330 1450 1390 1531 11²,

319 1568 380 1629 391
419 1580 451 1628 et
485 1568 600 1628 Preller
623 1568 724 1636 ¹Dem.
760 1573 792 1626 et
826 1567 908 1627 Pers.
937 1587 967 1644 μ.
994 1566 1068 1626 328.
1115 1564 1313 1639 Plutarchus,
1338 1563 1391 1625 cui

319 1675 458 1753 cognitio
481 1675 524 1736 rei
549 1674 751 1735 concedenda
775 1680 832 1746 est,
849 1674 1092 1734 Anthesterione
1109 1673 1249 1751 primum
1266 1690 1390 1731 nouum

319 1783 434 1843 uinum
470 1781 537 1842 bibi
574 1781 621 1841 bis
656 1781 767 1842 asserit
801 1780 930 1860 (Quaest.
967 1800 1070 1859 symp.
1097 1779 1156 1852 III,
1182 1779 1211 1843 7.
1241 1780 1271 1851 l;
1297 1778 1390 1851 VIII,

322 1890 372 1961 10,
410 1890 429 1949 3
465 1887 559 1967 (LIV,
595 1883 671 1968 LV).
719 1889 770 1948 cui
805 1889 901 1948 etism
935 1887 1035 1947 maior
1058 1886 1136 1946 fides
1160 1885 1308 1947 habendo
1332 1892 1389 1959 est,

320 2014 393 2057 cum
418 1996 502 2055 inira
525 1995 779 2055 demonstratum
804 1995 846 2055 sit
869 1995 970 2055 Choes
986 1994 1081 2053 ferias
1097 1993 1204 2064 luisse,
1222 1993 1255 2052 in
1273 1983 1391 2070 quibus
1466 2029 1468 2032 -

320 2102 470 2182 primitiis
494 2102 619 2162 Baccho
643 2101 749 2162 libatis
777 2102 890 2162 uinum
908 2120 1030 2160 nouum
1047 2100 1298 2160 consecrabatur,
1342 2098 1390 2157 Vi·

320 2209 448 2270 nalibus
477 2209 528 2268 die
551 2209 675 2269 XXIII.
702 2211 776 2287 Apr.
803 2208 939 2269 Romani
963 2226 1086 2268 nouum
1109 2209 1224 2267 uiuum
1248 2206 1391 2285 primum

321 2316 501 2394 gustabant.
543 2316 649 2393 itaque
673 2317 749 2375 noui
773 2316 842 2376 uini
858 2334 952 2375 causa
971 2315 1055 2374 isriae
1071 2314 1122 2391 egi
1138 2333 1202 2373 non
1219 2317 1391 2391 potuerunt
1418 2383 1422 2388 ι

322 2423 506 2496 Posideone,
542 2442 605 2500 quo
641 2441 750 2482 meuse
776 2423 881 2481 Halos
904 2421 1145 2483 celebrabantur
1169 2418 1334 2500 (Harpocr.
1359 2439 1389 2497 p.

324 2529 374 2602 17,
411 2529 481 2590 CIA
517 2530 558 2601 ΙΙ,
596 2530 660 2589 334
695 2528 716 2588 b
751 2529 771 2589 1.
808 2529 828 2589 8
865 2548 894 2588 u.
932 2548 1028 2606 supra
1051 2547 1081 2606 p.
1108 2524 1171 2609 40).
1218 2527 1314 2587 etiam
1339 2525 1391 2586 ab·

321 2636 446 2698 surdior
469 2637 567 2695 altera
590 2655 685 2696 causo
708 2643 768 2696 est:
795 2630 844 2693 ἐπὶ
860 2642 895 2715 τῇ
912 2642 989 2715 τομῇ
1006 2641 1061 2693 τῶν
1078 2629 1232 2714 ἀμπέλων,
1250 2632 1334 2711 quod
1353 2632 1391 2693 de

322 2743 445 2804 uiribus
479 2742 631 2820 putandis
666 2744 888 2819 achpiendum
920 2749 967 2802 est
990 2739 1032 2823 (ci
1055 2741 1213 2819 Theophr.
1239 2760 1264 2800 c.
1290 2740 1390 2818 plant.

323 2851 353 2922 3,
392 2845 456 2930 13);
494 2848 553 2909 hoc
583 2850 717 2910 Arcturo
741 2850 860 2909 oriente
884 2847 946 2929 (die
970 2849 1089 2909 XXIV.
1115 2847 1205 2907 Febr.
1231 2847 1301 2918 iul.)
1324 2846 1392 2906 fieri

322 2954 412 3015 iubet
446 2955 607 3015 Hesiodus
642 2975 692 3035 op.
730 2956 803 3027 570;
830 2957 860 3015 cl
885 2956 1060 3016 Columella
1083 2955 1141 3029 XI,
1167 2955 1197 3025 2,
1223 2954 1274 3014 26.
1300 2953 1392 3013 nimi·

323 3081 394 3121 rum
429 3061 542 3121 Halois
577 3069 613 3122 ut
648 3063 808 3141 DionysiIs
843 3063 1018 3141 agrestibus
1046 3062 1160 3121 uinum
1184 3079 1249 3120 non
1272 3060 1390 3133 uberat,

322 3169 413 3229 cuius
448 3169 524 3228 sotis
559 3188 676 3246 magna
710 3171 798 3247 copie
828 3170 1084 3241 consumebatur,
1108 3167 1296 3244 gaudiisque
1319 3166 1392 3226 festi

323 3280 354 3336 et
389 3276 457 3335 uini
491 3275 641 3336 lerientes
676 3294 709 3335 se
744 3276 873 3349 dabunt,
910 3284 946 3336 ut
980 3276 1083 3346 leriae,
1118 3274 1293 3353 praesertim
1318 3292 1392 3333 cum

323 3382 439 3442 Bocchi
475 3389 589 3454 essent,
626 3383 693 3442 uini
728 3402 824 3443 causa
852 3383 1001 3442 celebrari
1025 3383 1131 3460 potius
1156 3400 1252 3458 quam
1278 3380 1391 3439 uinum

323 3489 395 3549 lesti
420 3508 515 3549 causa
538 3490 647 3549 adesse
671 3491 762 3550 facile
786 3489 863 3566 fingi
886 3497 992 3567 posset
1008 3484 1038 3569 ¹).
1081 3489 1181 3567 pergit
1207 3486 1390 3547 scholiasta:

433 3697 452 3763 ¹)
469 3700 646 3752 Rubensohn
675 3700 727 3751 Die
755 3700 1096 3766 Mysterienheiligtllmer
1124 3698 1176 3749 116
1195 3713 1228 3762 sq
1247 3697 1392 3748 Bacchum

323 3787 425 3839 Halois
454 3789 490 3839 ab
518 3789 600 3841 initio
628 3805 686 3841 non
714 3790 857 3859 praeprue
884 3794 1052 3841 ueneratum
1072 3803 1135 3839 esse
1154 3786 1288 3837 ostendit.
1325 3800 1393 3837 nam

323 3877 354 3928 in
382 3877 474 3929 titulis
494 3876 557 3929 CIA
578 3879 627 3941 IV,
648 3877 672 3943 2,
691 3878 743 3930 477
763 3894 786 3942 c,
806 3878 897 3931 6141>
916 3879 1017 3930 Hslois
1036 3876 1225 3928 sacrificatum
1246 3891 1309 3928 esse
1328 3874 1393 3925 dici-

324 3972 370 4018 tur
398 3970 437 4014 πεῐ
455 3983 481 4014 τε
508 3964 634 4034 Δήμητρι
653 3965 698 4016 καὶ
717 3971 755 4015 πεῖ
774 3963 855 4037 Κόρει
873 3967 918 4016 καὶ
937 3971 991 4025 τοῖς
1011 3962 1104 4023 ἄλλοις
1124 3963 1208 4024 θεοῖς,
1230 3954 1268 4021 οἷς
1287 3979 1394 4031 πατροον

324 4050 370 4125 ἢν,
400 4056 530 4106 Bacchus
550 4056 636 4121 igitur
656 4072 713 4107 non
732 4056 903 4108 nominatim
923 4059 1169 4107 commemoratur.
1207 4054 1393 4118 quamobrem

324 4159 383 4195 non
402 4145 438 4196 ad
457 4145 557 4195 uinum
577 4145 719 4211 imprimis
738 4145 831 4197 Halos
849 4149 988 4211 spectant.
