3225 5034
673 398 849 460 ...33-

229 593 367 653 quocum
390 576 594 639 monentium
616 585 656 636 et.
681 595 786 655 mogo.
812 582 843 636 ot
866 576 942 638 Hos.
969 572 1017 635 ἐπὶ
1037 575 1177 657 liquerim
1195 577 1292 639 Bekk.

228 682 339 747 nuend-
375 682 440 743 878
473 690 504 743 et
538 682 652 744 Suidos
687 684 825 760 glomum
852 677 1080 762 'praeoieterunt
1127 692 1214 745 estne
1242 683 1295 745 hic

228 789 318 850 loono
340 786 499 867 mugnus?
544 797 757 868 potueruntne
780 790 827 850 ihi
850 790 918 850 ludi
942 791 1069 851 soaenioi
1091 791 1165 868 agi?
1201 789 1294 851 ludos

228 895 262 954 in
286 896 410 973 regione
433 895 485 956 dei
509 909 598 957 stem
620 904 706 961 aoros
726 914 803 970 eone,
822 904 858 958 ut
873 897 914 957 de
928 896 1119 957 Eleutheroo
1133 896 1293 970 nouimus,

229 1021 327 1080 quom
363 1003 504 1065 maxime
537 1009 787 1064 consentaneum
821 1013 877 1076 eet,
902 1022 1098 1081 quamquam
1124 1002 1293 1081 Doemiold

228 1109 301 1170 Ath.
328 1110 432 1173 Mitth.
457 1110 530 1182 XX,
556 1110 619 1170 800
644 1110 795 1171 Lenaeum
819 1129 883 1170 nou
912 1104 990 1188 ἱερὸν
1007 1116 1060 1169 roo
1075 1106 1221 1190 Ληναίου,
1238 1109 1293 1170 ned

226 1216 334 1276 looum
372 1217 578 1277 toreularium
614 1235 683 1278 enno
715 1216 802 1277 dioit.
851 1217 877 1277 si
912 1236 1041 1279 murum
1077 1226 1294 1278 trannrersum

227 1323 432 1385 recentiorem
456 1342 523 1385 esso
545 1324 724 1384 iudioentes
745 1329 847 1385 totam
870 1324 1031 1402 regionem
1055 1323 1206 1383 Lenaeurn
1227 1341 1293 1382 esoe

226 1439 388 1507 putamus,
425 1430 565 1508 spatium
601 1432 705 1491 multo
739 1431 844 1492 mnino
873 1438 921 1492 est
943 1429 1019 1511 (lere
1043 1431 1086 1491 45
1099 1431 1134 1506 ><
1148 1430 1189 1490 86
1203 1431 1237 1503 ><
1251 1429 1293 1491 30

227 1553 270 1603 m,
296 1537 361 1598 560
384 1534 461 1617 qm),
486 1537 543 1598 sed
565 1538 717 1616 mysterio
739 1537 874 1597 Limuoei
898 1537 943 1598 ibi
964 1538 1015 1614 agi
1031 1557 1094 1598 noo
1111 1542 1291 1615 potueruut.

226 1663 298 1723 quae
333 1664 405 1704 oum
441 1645 486 1704 ita
520 1645 593 1716 sint,
629 1645 797 1723 templum,
834 1644 920 1722 quod
955 1645 1079 1705 inuenit
1112 1641 1292 1721 Doerplold,

227 1750 360 1811 Limnaei
396 1758 427 1811 et
460 1752 565 1812 Ienaei
600 1751 696 1812 simul
733 1770 799 1812 ense
836 1770 900 1811 nou
924 1757 1037 1830 potest.
1085 1750 1118 1810 id
1142 1750 1292 1811 Leuaeum

225 1876 293 1919 esee
337 1858 513 1918 uerisimile
548 1877 611 1919 nou
651 1866 707 1926 eet,
747 1858 952 1918 uerisimilius
992 1857 1173 1925 limnaeum
1210 1874 1291 1926 essm

226 1964 281 2024 sed
317 1964 378 2027 hoo
410 1973 519 2026 nostre
547 1985 610 2026 non
634 1966 772 2026 interest.
820 1964 958 2042 deniqne
982 1965 1182 2025 exortinmus
1205 1981 1293 2039 argu·

227 2081 335 2131 mento
370 2092 386 2131 o
420 2073 614 2133 testimoniis
647 2078 813 2133 anotorum
837 2072 946 2150 potita,
971 2090 1042 2149 quae
1066 2070 1230 2149 proposuit
1253 2068 1292 2129 de

226 2178 437 2243 Wilnmowitn
460 2180 570 2240 Herm.
596 2170 685 2253 ΧΧΙ,
712 2179 773 2240 617
799 2198 872 2238 ann.
899 2186 930 2238 et
947 2177 1117 2256 Doerpield
1134 2176 1290 2256 probauit.

226 2284 266 2345 do
279 2286 457 2346 narratione
473 2286 657 2365 Apollodori
674 2305 704 2346 u.
723 2305 818 2363 snpm
836 2306 865 2364 p.
885 2287 926 2347 55
943 2305 1011 2363 sqq.
1043 2305 1137 2344 onon.
1155 2284 1193 2343 de
1209 2303 1290 2344 eom.

225 2391 285 2465 111,
322 2393 352 2466 8,
388 2412 482 2470 quem
519 2395 624 2453 locum
658 2393 792 2454 afferam
826 2413 856 2470 p.
894 2393 946 2465 88,
977 2413 994 2451 e
1020 2391 1224 2453 Phanodemo
1247 2390 1290 2464 id,

225 2498 311 2575 quod
347 2499 433 2569 dioit,
469 2500 644 2578 sumpsisse
674 2505 767 2578 putat
790 2499 830 2558 do
856 2499 1075 2568 Wilomowitn,
1099 2516 1163 2574 quo
1186 2497 1232 2568 fit,
1257 2503 1293 2557 ut

225 2605 338 2664 houton
362 2605 402 2665 ml
427 2607 604 2666 Limnaeum
629 2607 784 2684 pertinere
810 2605 860 2665 hio
884 2613 994 2666 auctor
1009 2603 1185 2664 crediderit.
1217 2622 1292 2664 oum

225 2711 311 2771 unde
334 2712 411 2784 haee,
437 2731 508 2790 quae
531 2713 650 2791 sepius
671 2719 840 2772 narrentur
867 2718 910 2783 (u.
940 2732 970 2790 p.
997 2709 1060 2790 90),
1078 2710 1290 2788 prouenerint,

224 2825 385 2896 appareat,
409 2819 651 2880 Phunodemum
675 2820 789 2879 intuere
813 2837 894 2897 opus
917 2837 981 2879 non
1003 2826 1059 2878 ent.
1099 2836 1175 2876 nom
1191 2835 1290 2893 gram·

225 2925 335 2985 matini
368 2927 581 3004 ueriloquium
616 2926 703 2987 noeis
737 2925 910 3003 trygoediae
936 2931 1112 3003 querentes
1135 2923 1167 2983 id
1192 2943 1231 2983 ex
1254 2942 1291 2983 eo

223 3031 415 3110 petinerunt‚
451 3034 536 3111 qnod
567 3034 671 3094 uictor
692 3041 836 3094 muotum
859 3033 1023 3111 woiperet,
1049 3031 1160 3091 eodem
1184 3030 1289 3103 modo,

224 3157 288 3216 quo
327 3139 522 3217 tragoediam
562 3159 680 3201 nomen
721 3141 837 3200 habere
878 3139 1002 3212 docent,
1045 3140 1130 3216 qnod
1169 3138 1290 3216 praemi·

224 3263 280 3304 nm
306 3245 432 3306 uictoris
456 3246 564 3308 hirone
585 3248 688 3308 luerit.
736 3247 815 3308 alins
837 3265 948 3308 causas
972 3247 1079 3306 attulit
1094 3244 1291 3306 Oehmichen

224 3351 353 3412 Sitzber.
389 3352 419 3413 d.
447 3353 573 3414 Mnnoh.
607 3355 665 3416 Al.
694 3355 788 3429 1889,
814 3355 900 3432 Hp.
928 3355 999 3413 126.
1048 3352 1145 3412 schol.
1170 3350 1210 3410 ad
1236 3353 1287 3410 Ar.

223 3457 302 3521 Rau.
330 3460 405 3531 216,
432 3460 488 3523 ubi
516 3461 677 3539 Dionysus,
702 3460 852 3541 Λιμναῖος
868 3466 1143 3530 commemoratur,
1161 3477 1289 3521 uersum

224 3564 473 3627 Callimaoheum
509 3566 605 3628 tronti
640 3566 736 3644 (til),
766 3569 823 3645 qui
846 3568 887 3627 nd
910 3567 1003 3627 lurion
1026 3566 1176 3627 semniooo
1199 3567 1289 3625 reior-

223 3679 284 3743 tur‚
310 3690 507 3750 quamquam
530 3673 569 3734 de
592 3693 704 3751 genere
727 3675 816 3736 ehori
839 3674 920 3733 nihil
944 3674 1052 3751 liquet.
1078 3672 1289 3733 Waohemuth

221 3792 244 3859 p
291 3779 332 3838 43
367 3780 435 3839 iure
468 3782 680 3841 narrationem
704 3781 902 3841 Phanodemi
927 3776 1247 3859 lhxxlvtodhibet,
1273 3798 1289 3837 e

223 3904 287 3963 qun
322 3906 472 3967 apparere
507 3887 633 3949 uidetur
668 3889 809 3951 Choibus
838 3888 872 3949 in
896 3887 947 3947 dei
971 3887 1124 3948 honorem
1148 3885 1290 3948 carmina

223 3999 351 4057 cantata
373 4012 450 4067 esee,
474 4013 546 4072 quoe
570 3995 724 4073 resoieere
746 3994 979 4057 Callimachum
1003 3994 1207 4057 uerisimilius
1231 4000 1287 4066 est,

223 4099 285 4159 nisi
310 4119 395 4161 more
419 4103 625 4163 alexandrino
648 4123 707 4181 loro
727 4103 859 4163 nomine
874 4102 998 4163 solenni
1013 4102 1147 4163 fortasoe
1162 4099 1288 4178 epioleoi
