3225 5034
763 433 940 507 420-

318 629 415 708 copit,
439 636 535 689 uteo
559 627 635 688 satis
659 625 817 686 efficiatur
839 624 1015 697 hominem,
1040 624 1095 701 qui
1113 625 1171 685 hoc
1187 626 1383 705 conscripsit,

319 736 420 796 alium
455 754 491 796 ac
526 733 672 795 Proclum
708 731 816 805 fuisse,
852 731 908 810 qui
942 751 959 791 e
992 731 1160 792 Plutarcho
1196 732 1384 793 Lenaeonem

321 841 501 903 boeoticum
526 860 589 900 non
614 858 681 900 esse
705 844 789 900 certo
813 837 975 917 comperit.

426 949 464 1008 ln
500 967 532 1008 re
557 946 705 1007 uniuersa
727 944 810 1005 inter
833 964 866 1005 se
890 943 970 1004 bene
993 945 1177 1023 conspirant
1199 947 1326 1022 glossae3
1351 946 1386 1006 in

314 1054 452 1133 ‚singulis
486 1054 569 1114 inter
602 1072 635 1114 se
671 1052 835 1125 differunt,
871 1050 958 1129 quod
986 1051 1077 1111 facile
1101 1051 1287 1128 explicatur,
1312 1072 1386 1113 cum

318 1180 391 1240 quae
426 1161 540 1239 cuique
574 1160 734 1238 placerent
768 1157 946 1219 adsciuerit.
1006 1158 1168 1235 quomodo
1202 1158 1236 1218 id
1264 1160 1385 1220 iactum

320 1269 370 1341 sit,
395 1287 435 1328 ex
457 1268 517 1328 hac
541 1270 709 1345 conspectu
735 1272 882 1344 apparet:

320 1394 438 1436 nomen
463 1374 581 1434 mensis
605 1370 785 1445 boeoticum
908 1372 972 1433 sch.
998 1372 1052 1444 IL,
1077 1371 1161 1432 Gud.

320 1481 407 1560 apud
432 1482 524 1541 Iones
548 1480 662 1540 Lenaeo
908 1477 1003 1552 Gud.‚
1028 1478 1080 1537 Tz.

321 1587 426 1648 bubus
447 1586 568 1648 corium
585 1585 761 1647 detrahitur
776 1584 919 1663 (frigorez
937 1584 1062 1647 addidit
1078 1587 1196 1663 magn.)

906 1691 971 1752 sch.
998 1691 1052 1765 11„
1077 1711 1182 1770 magn.

321 1806 368 1861 est
391 1800 514 1861 Ohoeac
908 1817 1025 1876 magn„
1050 1799 1101 1858 Tz.

320 1914 368 1968 est
391 1906 558 1967 lanuarius
909 1904 1005 1979 Gud.,
1029 1905 1092 2001 Tz.,
1117 1905 1237 1966 Mosch.

320 2014 366 2074 sio
390 2015 577 2093 appellatus,
602 2011 688 2090 quod
711 2012 745 2071 in
769 2031 805 2072 eo
829 2011 994 2072 uindemio
1018 2012 1113 2072 fiebat

907 2118 972 2180 sch.
999 2118 1052 2190 11„
1078 2118 1173 2193 Gud.‚
1198 2119 1316 2197 Magn,
1333 2120 1384 2181 Tz.

428 2233 476 2287 est
499 2220 581 2308 ἀρχὴ
604 2231 755 2307 χειμῶνος
778 2225 902 2307 (parda
926 2222 1045 2305 magn.)

908 2332 973 2394 sch.
999 2331 1053 2405 IL,
1078 2332 1173 2406 Gud.‚
1198 2352 1303 2410 magn.

320 2439 408 2519 quod
433 2437 544 2521 λήναια
568 2434 645 2518 ἔρια,
669 2439 787 2511 lanam,
813 2437 970 2517 significat

908 2546 974 2606 sch.
999 2546 1052 2618 11.‚
1078 2546 1162 2606 Gud.

322 2652 409 2731 quod
432 2653 466 2712 in
489 2670 526 2712 eo
550 2652 675 2712 Baccho
698 2651 868 2713 Ambrosia
891 2651 1108 2713 celebrabatur
1313 2710 1317 2713 ,

908 2759 973 2820 sch.
990 2759 1044 2833 IL,
1058 2778 1175 2837 magn,
1189 2760 1252 2834 Ta,
1266 2760 1386 2821 Mosch.

429 2866 567 2926 Priorem
598 2872 732 2944 partem,
755 2865 790 2925 in
814 2884 878 2943 qua
901 2865 940 2926 de
963 2867 1032 2926 loco
1056 2865 1175 2927 mensis
1198 2870 1229 2926 et
1252 2866 1387 2945 explica·

322 2974 408 3035 tione
443 2972 532 3032 uerbi
557 2968 688 3051 βουδόρα
711 2972 824 3050 agitur,
850 2991 913 3032 non
937 2974 1077 3032 multum
1101 2990 1251 3033 curauere
1274 2973 1388 3050 glossa·

322 3086 420 3151 tores;
458 3078 668 3156 ueriloquium
705 3078 845 3140 nonimis
880 3073 1021 3159 Ληναιὼν
1056 3078 1190 3157 reperire
1225 3079 1388 3158 antiquius

322 3186 471 3258 habuere,
507 3203 606 3263 quam
641 3190 764 3263 partem
801 3203 855 3245 eos
889 3184 930 3245 ad
953 3203 1055 3245 unum
1079 3203 1190 3245 omnes
1213 3205 1253 3245 ex
1276 3185 1388 3245 eadem

322 3292 442 3370 origine
476 3292 629 3370 recepisse
663 3296 804 3370 apparet.
852 3291 977 3370 plenius
1011 3310 1109 3369 quam
1144 3297 1255 3352 ceterae
1277 3293 1388 3370 glossae

322 3398 480 3461 scholium
516 3399 652 3458 alterum
688 3397 728 3458 ad
763 3398 840 3458 Hes.
865 3417 916 3477 op.
942 3398 1007 3459 504
1031 3394 1105 3477 (ΙΙΙ)
1129 3404 1190 3471 est;
1215 3405 1255 3459 et.
1281 3418 1386 3476 magn.

323 3525 347 3566 s.
373 3525 403 3566 u.
428 3499 571 3585 Aurariae
595 3502 698 3585 (VIII)
721 3506 855 3565 alteram
879 3512 910 3565 et
926 3512 965 3565 et.
984 3504 1068 3565 Gud.
1086 3505 1146 3565 sub
1162 3504 1273 3565 eodem
1291 3506 1388 3565 uerbo

322 3612 396 3688 (IX)
418 3611 544 3672 tertiam
568 3612 724 3672 rationem
747 3611 865 3672 omisit.
912 3612 969 3672 has
993 3618 1055 3672 tres
1078 3613 1197 3690 glossas
1221 3631 1261 3672 ex
1276 3611 1388 3672 eadem

322 3719 497 3797 exscriptos
535 3737 601 3779 esse
636 3723 767 3798 apparet
801 3738 818 3778 e
853 3718 959 3779 uerbis
994 3711 1080 3785 οὗτος
1116 3714 1148 3777 δὲ
1182 3712 1280 3800 ὁμὴν
1305 3713 1387 3799 ἀρχὴ

322 3819 472 3907 χειμῶνός
507 3819 596 3893 ἐστιν,
632 3844 703 3903 quae
737 3844 850 3886 omnes
884 3824 1013 3885 habent.
1061 3844 1136 3885 nam
1172 3825 1258 3904 quod
1288 3826 1322 3885 in
1346 3829 1386 3885 et.

323 3932 406 3995 Gud.
432 3939 520 3992 extat
543 3926 625 4013 ἀρχὴ
651 3938 760 4014 μηνῶν,
785 3933 864 4011 quin
887 3952 962 3993 cum
985 3932 1158 3993 Fritzschio
1181 3933 1207 4006 l,
1232 3953 1263 4011 p.
1290 3932 1331 3992 28
1354 3931 1389 3992 in

324 4034 405 4120 ἀρχὴ
441 4045 591 4119 χειμῶνος
625 4039 846 4117 corrigendum
874 4040 924 4113 sit,
953 4039 1089 4099 dubium
1114 4058 1178 4099 non
1202 4047 1258 4100 est.
1305 4057 1390 4099 error

322 4144 444 4206 librarii
468 4146 546 4207 leuis
570 4152 626 4208 est.
674 4146 700 4206 si
723 4146 966 4224 lexicographus
986 4146 1071 4206 huno
1087 4164 1230 4206 mensem
1247 4146 1389 4224 primum
