3225 5034
693 400 893 461 -147—

370 579 529 656 Aristoph.
556 578 634 639 Ach.
663 579 756 639 1155.
781 573 825 658 (p.
850 574 904 658 51)
1349 592 1496 647 mvn

368 679 401 752 ὃς
420 682 445 760 γ’
466 681 519 765 ἐμὲ
535 677 584 743 τὸν
601 682 736 767 τλημονα
753 680 875 765 Ληναια
891 692 1029 767 χορηγῶν
1047 679 1172 745 απέλοσ’
1192 681 1329 745 ἄδειπνον

368 792 471 853 Schol.
497 792 537 853 ad
562 791 722 870 Aristoph.
748 792 827 852 Ran.
853 792 917 853 479
942 789 984 873 (p.
1006 792 1074 860 ‚113
1099 790 1158 872 sq.)
1349 806 1510 863 XXXVIII

369 893 399 957 ἐν
424 905 486 966 τοῖς
510 897 666 982 ληναῖκοῐς
689 893 783 974 ἀγῶσι
808 904 858 958 τοῶ
883 896 1026 958 Διονίνσοο
1049 893 1065 959 ὁ
1090 895 1241 980 δηδοῶχος
1256 917 1331 958 κατ-

263 1002 341 1088 έχων
379 1003 528 1088 λαμπάδα
566 1005 658 1082 λέγει·
697 1012 820 1065 καλεῖτε
859 1005 942 1066 θεόν·
978 1005 1032 1065 καὶ
1066 999 1095 1065 οἱ
1130 999 1331 1074 ὑπανοίιοντες

265 1114 365 1194 βοῶσι·
403 1108 545 1196 Σεμεληι’
569 1108 682 1195 Ἴακχε
707 1107 903 1173 πλοοτοδδτα.

370 1239 485 1301 Suidas
509 1236 549 1320 (p.
576 1239 629 1312 58,
657 1237 730 1319 114)
1351 1253 1485 1309 XXXIX
1541 1239 1543 1248 ’

370 1341 401 1415 ἐξ
425 1340 553 1427 ἁμάξης
578 1342 597 1429 η
623 1345 770 1428 λεγομένη
797 1340 885 1429 ἑορτὴ
910 1348 980 1425 παρ’
999 1342 1183 1428 Ἀθηναίοις
1199 1342 1332 1429 Ληναια,

264 1449 294 1515 ὲν
328 1447 348 1533 η
383 1449 560 1534 ἠγωνίζοντο
594 1447 623 1513 οἱ
656 1453 778 1536 ποιηταὶ
801 1456 1023 1537 σογγροίροντές
1046 1473 1111 1512 τινα
1135 1448 1257 1534 ᾄσματα
1281 1460 1332 1513 τοῦ

263 1559 454 1643 γελαοδηναι
489 1563 590 1642 χάριν·
619 1554 692 1640 ὅπερ
720 1557 923 1643 Δημοσθένης
947 1555 978 1630 ἐξ
1002 1554 1121 1643 ἁμάξης
1145 1555 1235 1622 εἶπεν.
1285 1556 1329 1645 ἐφ’

264 1663 386 1750 ἁμαξῶν
421 1667 479 1747 γὰρ
513 1661 541 1728 οἱ
576 1662 700 1746 ᾄδοντες
733 1667 906 1749 καθήμενοι
942 1663 1045 1744 ἔλεγόν
1070 1687 1100 1727 τε
1124 1667 1177 1727 καὶ
1200 1664 1272 1748 ᾐδον
1296 1668 1333 1728 τὰ

264 1778 428 1859 ποιηματα.
476 1773 596 1851 λέγεται
619 1774 674 1834 καὶ
698 1768 842 1857 ληναΐτης
865 1768 960 1857 χορὸς
983 1769 1078 1835 ὁτῶν
1102 1770 1253 1857 Ληναίῶν.

371 1900 536 1963 Scholium
559 1900 599 1961 ad
623 1901 785 1979 Aristoph.
810 1900 917 1979 Equit.
944 1901 1007 1962 547
1031 1902 1074 1979 (p.
1101 1901 1153 1974 58,
1181 1897 1254 1982 114)
1352 1914 1404 1967 XL

371 1999 524 2088 ληναΐτην·
560 2001 648 2087 ἑορτὴ
679 2007 762 2086 παρὰ
790 2014 852 2075 τοῖς
878 2003 1060 2089 Ἀθηναῖοις
1083 2008 1121 2067 τὰ
1143 2004 1276 2089 Λήναια,
1302 2002 1333 2069 ἐν

264 2110 284 2196 ᾗ
319 2117 410 2197 μέχρι
439 2120 488 2173 νῶν
517 2108 709 2189 ἀγωνίζονται
733 2114 853 2196 ποιηταὶ
877 2116 1098 2197 συγγράφοντες
1122 2134 1186 2176 τινα
1210 2110 1334 2197 ᾅσματα

266 2229 316 2282 τοο
339 2220 529 2304 γελασθηναι
552 2222 653 2302 χάριν·
678 2215 752 2300 ὅπερ
776 2216 792 2281 ὁ
816 2217 1018 2305 Λημοσθένης
1042 2216 1123 2283 εἶπεν
1147 2218 1179 2292 ἐξ
1202 2216 1332 2306 ἁμάξης·

269 2323 316 2387 ἐπί
338 2323 459 2409 ἁμαξῶν
483 2327 541 2408 γὰρ
565 2321 594 2388 οἱ
616 2322 740 2407 ᾄδοντες
762 2327 936 2411 ναδημενοι
959 2328 1080 2405 λέγουσί
1103 2348 1136 2389 τε
1157 2330 1210 2390 καὶ
1227 2325 1334 2409 ᾅδουσι

269 2434 306 2494 τὰ
330 2439 490 2518 τοιηματα.
1406 2443 1408 2446 ’

479 2544 593 2605 Lenaea
615 2550 771 2605 autumno
795 2549 875 2606 acta.
993 2583 996 2588 ,
1090 2589 1093 2594 .
1172 2587 1175 2590 -

374 2668 536 2730 Scholium
572 2668 612 2729 ad
644 2667 804 2747 Aristoph.
830 2669 910 2730 th.
935 2667 999 2731 378
1024 2665 1099 2748 (non
1124 2669 1220 2730 habet
1243 2666 1333 2750 Rav.)
1351 2680 1420 2733 XLI

373 2776 409 2835 τὰ
433 2773 467 2835 δὲ
490 2773 613 2858 Ληναιοι
635 2769 666 2835 ἐν
691 2781 731 2854 τῷ
755 2775 926 2856 μετῶπῶρῳ
948 2772 1048 2859 ἤγετο,
1074 2771 1105 2835 ἐν
1122 2770 1168 2844 οίς
1184 2767 1218 2836 οἷ)
1234 2784 1335 2860 παρη-

267 2900 322 2940 σαν
356 2876 385 2942 οἱ
420 2880 505 2956 ξένοι,
540 2877 589 2943 ὅτε
611 2883 645 2943 τὸ
670 2879 772 2963 δρᾶμα
796 2889 881 2943 τοῦτο
905 2876 933 2942 οἱ
957 2879 1123 2965 ’Λχαρνεῖς
1148 2877 1333 2944 ἐδιδάσκετο.

480 2987 643 3072 Lenaea(?)
668 2986 698 3049 ἐν
721 2986 855 3071 Λίμναις
878 2996 958 3052 acta.

374 3116 556 3195 Hesychius
578 3116 620 3196 (p.
648 3116 690 3176 64
714 3134 788 3177 eum
812 3134 839 3176 a.
867 3113 897 3195 1)
1353 3127 1436 3181 XIII

339 3209 343 3220 ’
373 3219 497 3303 Λίμναι·
534 3217 565 3282 ἐν
601 3218 755 3305 Ἀδηναις
790 3220 849 3302 [ἃς]
884 3225 974 3290 τόπος
1009 3217 1164 3304 ἀνειμένος
1191 3219 1335 3301 Διονίνσῳ,

267 3322 341 3388 ὄποο
365 3329 402 3389 τὰ
426 3327 501 3388 λαια
523 3325 621 3412 ἤγετο.

481 3436 595 3498 Lenaea
617 3436 651 3497 in
674 3437 756 3515 agris
780 3443 859 3497 acta.

375 3560 538 3623 Scholium
563 3563 603 3623 ad
628 3560 790 3641 Aristoph.
817 3561 894 3623 th.
921 3562 984 3623 504
1008 3562 1051 3640 (p.
1078 3560 1131 3638 78)
1355 3575 1452 3629 XLIII

375 3660 443 3727 οὑπὶ
477 3665 602 3751 Ληναίῳ
629 3665 653 3727 τ’
680 3663 769 3745 ἀγῶν’
795 3662 811 3729 δ
835 3675 892 3728 τῶν
915 3663 1076 3728 Λιονοσίῶν
1101 3663 1181 3744 ἀγὼν
1194 3662 1336 3729 ,ἐτελεῖτο

267 3771 315 3842 δὶς
349 3780 399 3834 τοῦ
435 3770 530 3845 ἔτοος,
566 3775 599 3834 τὸ
634 3775 688 3857 μὲν
723 3784 839 3855 πρῶτον
870 3771 961 3855 ἔαρος
985 3769 1015 3835 ἐν
1040 3770 1134 3849 ἄστει,
1159 3768 1208 3834 ὅτε
1231 3776 1284 3834 καὶ
1308 3767 1337 3835 οἱ

268 3884 355 3965 φόροι
390 3876 561 3964 ’Λδηνησιν
596 3876 747 3965 ἐφέροντο,
782 3882 815 3941 τὸ
847 3879 879 3941 δὲ
904 3878 1041 3961 δείντερον
1065 3876 1096 3942 ἐν
1120 3878 1225 3962 ἀγροῖς
1248 3875 1264 3942 ὁ
1289 3875 1337 3940 ἐπὶ

269 3988 395 4072 Ληναίῳ
423 3987 595 4070 λεγόμενος,
624 3983 674 4049 ὅτε
696 3986 774 4059 ξένοι
798 3982 833 4049 οί)
856 3996 998 4072 παρησαν
1023 3985 1186 4071 Ἀθήνησι·
1222 3987 1337 4069 χειμὼν

269 4094 326 4177 γὰρ
350 4094 454 4156 λοιπὸν
476 4089 523 4178 ην.
947 4139 952 4147 .
1029 4143 1031 4148 .
