3225 5034
754 366 928 427 ..22-

308 549 377 607 tum
414 549 471 613 est,
506 550 542 603 ut
577 542 622 604 ibi
657 542 779 621 legitur.
828 562 904 603 nam
939 544 979 604 ab
1010 544 1179 606 Ambrosia
1211 546 1375 622 Lenaeonis

309 669 426 711 nomen
462 669 523 710 non
560 655 664 728 potest
699 668 766 711 esse
790 649 980 711 deriuatum.
1027 640 1155 712 Tzetzris
1179 659 1210 712 et
1234 652 1374 714 Moscho-

309 758 404 837 pulus
421 776 505 843 'rem
540 758 636 835 paulo
672 756 860 835 prudentius
896 757 1053 835 explicare
1081 759 1186 819 conati
1210 767 1295 831 sunt,
1319 759 1375 837 qui

309 864 368 925 deo
381 864 541 943 prelorum
555 860 622 943 (τῶν
636 859 744 944 laada)
753 862 956 924 Ambrosiam
970 883 1036 925 esse
1049 864 1240 925 celebratam
1254 865 1374 938 dicunt,

309 969 348 1033 de
383 989 447 1048 quo
470 969 549 1048 quid
572 970 776 1048 cogitandum
805 952 856 1042 sit,
882 970 975 1031 ualde
998 971 1110 1032 dubito
1121 967 1152 1051 ¹).
1199 972 1285 1033 unde
1303 974 1375 1032 Am·

309 1075 414 1138 brosia
450 1077 641 1155 promuerit,
681 1096 793 1155 quaeue
831 1077 936 1149 fuerit,
976 1078 1070 1157 plane
1109 1079 1256 1139 nescitur.
1301 1098 1375 1139 cum

308 1185 436 1256 festum,
455 1202 494 1243 ex
518 1202 581 1261 quo
605 1186 706 1244 mensi
731 1203 849 1244 nomen
873 1184 1037 1245 Lenaeonis
1053 1185 1194 1245 inditum
1210 1192 1266 1257 est,
1284 1186 1375 1245 nimi·

261 1308 263 1313 ·
310 1309 382 1350 rum
407 1290 520 1350 Lenaea
543 1290 616 1357 sint,
642 1290 781 1368 primum
807 1291 961 1369 scriptum
986 1309 1052 1352 esse
1076 1285 1095 1371 ἢ
1121 1287 1225 1372 ἐπειδὴ
1243 1287 1376 1369 diotrico

311 1390 428 1456 ἐποίουν
453 1391 558 1479 ἑορτὴν
582 1393 706 1479 Λήναια
730 1392 760 1457 ἐν
786 1405 825 1477 τῷ
850 1398 920 1478 μηνὶ
945 1396 1036 1475 τοὺτῳ
1060 1404 1091 1459 et
1109 1399 1246 1475 glossam
1265 1399 1376 1476 margi-

218 1536 220 1541 *
310 1504 415 1564 nalem
451 1505 501 1564 uel
536 1504 771 1565 interlinearem
803 1501 840 1585 ἣν
865 1500 1053 1585 Ἀμξορυοίαν
1079 1500 1208 1564 ἐκάλουν
1232 1504 1375 1566 additam

310 1611 425 1671 deinde
449 1630 567 1671 nomen
590 1630 702 1671 uerum
726 1611 835 1672 eloco
860 1612 997 1672 mouisse
1021 1612 1174 1690 suspicari
1198 1611 1280 1686 licet,
1301 1630 1375 1672 cum

310 1725 416 1778 autem
441 1736 491 1778 res
510 1718 605 1796 plane
620 1717 755 1779 obscura
770 1719 821 1790 sit,
838 1718 993 1779 iudicium
1010 1719 1155 1779 cohibere
1172 1725 1302 1779 cautum
1318 1726 1374 1779 est.

417 1824 509 1885 Peius
532 1824 642 1885 habita
665 1833 807 1903 estpars
831 1825 917 1903 prior
939 1827 1125 1903 glossarum.
1172 1825 1375 1886 mendacium

310 1931 421 1993 scholii
461 1930 611 1992 Hesiodei
646 1924 741 2012 ὄνομα
776 1931 871 2013 μηνὸς
904 1932 984 1990 κατὰ
1019 1931 1090 1998 τοὺς
1126 1925 1276 1998 Βοιωτοὺς
1311 1932 1375 1992 iam

309 2037 408 2116 tetigi,
445 2037 530 2116 quod
566 2037 727 2116 quomodo
761 2038 911 2112 extiterit,
947 2045 986 2099 et.
1024 2038 1108 2099 Gud.
1145 2037 1256 2116 aperit,
1290 2037 1375 2116 quod

310 2143 400 2205 addit
434 2142 513 2203 κατὰ
550 2140 582 2202 δὲ
609 2137 719 2211 Ἴωνας
743 2140 894 2223 Ληναιών,
920 2166 960 2205 ex
984 2164 1047 2224 quo
1071 2146 1204 2205 Boeotos
1228 2144 1315 2204 aliud
1340 2163 1376 2204 ac

310 2251 475 2312 Lenaeonis
510 2270 626 2311 nomen
660 2250 808 2312 habuisse
831 2252 978 2329 glossam,
1004 2272 1043 2312 ex
1064 2245 1130 2329 'qua
1155 2251 1214 2311 hoc
1238 2252 1376 2329 petitum

310 2364 366 2429 est,
402 2356 571 2418 tradidisse
605 2364 745 2435 apparet.
793 2377 890 2435 quare
926 2358 1106 2419 emendatio
1136 2365 1220 2418 certa
1243 2363 1290 2418 est
1314 2353 1376 2438 Λη·

311 2464 411 2523 ναιών·
437 2457 532 2544 ὄνομα
557 2466 659 2544 μηνός.
685 2459 764 2544 (haec
787 2472 835 2524 est
857 2465 961 2540 glossa
984 2465 1090 2526 Suidae
1111 2462 1197 2545 (VII)
1213 2463 1292 2522 κατὰ
1308 2463 1378 2529 τοὺς

311 2565 461 2638 Βοιωτοὺς
498 2564 716 2654 (Bessicae),
752 2570 834 2629 κατὰ
863 2564 901 2630 ’δὲ
936 2565 1046 2638 Ἴωνας
1070 2570 1220 2652 Ausculta.
1268 2581 1378 2632 auctor

310 2678 423 2740 scholii
457 2677 607 2739 Hesiodei
643 2678 676 2738 in
712 2678 804 2738 initio
828 2678 861 2738 id
884 2681 949 2738 iere
973 2679 1089 2756 legens,
1115 2678 1199 2756 quod
1224 2685 1264 2738 et.
1291 2676 1374 2738 Gud.

310 2785 417 2859 habet,
453 2785 549 2864 idque
584 2804 769 2864 peruersum
799 2804 866 2846 esse
897 2764 1165 2859 animaduertens‚
1189 2791 1225 2844 ut
1248 2784 1377 2863 ineptiis

310 2892 498 2964 mederetur,
523 2911 621 2970 praue
644 2891 724 2950 κατὰ
742 2888 774 2950 δὲ
791 2886 903 2958 Ἴωνας
919 2889 1061 2972 Ληναιών
1077 2891 1205 2964 deleuit,
1222 2900 1259 2952 ut
1274 2891 1378 2969 glossa

310 3005 392 3060 recte
416 3017 448 3060 se
472 2999 588 3059 habere
611 2998 724 3059 saltem
748 2998 923 3070 uideretur;
949 2997 1126 3058 remedium
1151 3005 1257 3058 autem
1275 3017 1377 3059 errore

310 3105 401 3184 peius
436 3112 512 3168 erat.
558 3105 626 3166 haec
649 3111 689 3166 et.
716 3123 868 3182 magnum
893 3105 987 3183 plane
1010 3105 1134 3171 omisit;
1159 3124 1233 3165 cum
1257 3104 1377 3165 scholio

311 3211 527 3272 Hesiodeo⁸in
550 3211 726 3290 ueriloquio
751 3212 840 3271 uerbi
865 3204 996 3290 βουδόρα
1019 3211 1184 3272 consentit.

417 3318 545 3394 AEgrius
569 3319 619 3379 de
633 3337 751 3391 mense,
776 3337 915 3397 quocum
939 3318 1052 3378 Lenaeo
1069 3324 1280 3395 comparatur,
1298 3317 1377 3377 iudi·

311 3432 409 3498 catur,
446 3444 519 3486 cum
555 3425 609 3485 alii
640 3425 702 3485 alia
724 3424 873 3485 habeant.
921 3425 1018 3485 schol.
1044 3425 1132 3499 Hes,
1157 3423 1244 3502 quod
1267 3424 1378 3484 ceteris

311 3532 446 3612 plenius,
482 3531 538 3592 sed
573 3551 637 3592 non
673 3532 836 3610 antiquius
864 3550 931 3592 esse
955 3531 1082 3591 uidetur
1105 3531 1165 3591 hoe
1188 3531 1310 3602 omisit;
1336 3538 1375 3591 et.

421 3723 439 3790 ¹)
465 3727 487 3778 l.
516 3726 552 3778 de
580 3727 661 3778 Prott
688 3727 754 3778 Ath.
783 3726 878 3778 Mitth.
898 3726 1009 3788 XXIII,
1030 3724 1082 3776 223
1100 3722 1281 3776 Ambrosiam
1301 3723 1378 3775 diem

309 3814 435 3882 primurn
455 3816 621 3867 Lenaeorum
642 3815 731 3867 fuisse
750 3815 879 3880 coniecit,
899 3814 976 3879 quod
994 3814 1078 3866 ualde
1091 3814 1232 3865 incertum
1245 3818 1296 3864 eat.
1324 3812 1378 3863 hoc

311 3919 417 3956 nomen
437 3904 605 3957 auctoritate
623 3904 768 3957 Plutarchi
787 3911 864 3957 certo
883 3920 942 3956 non
960 3904 1069 3968 nititur,
1089 3903 1137 3968 qui
1157 3902 1252 3954 locum
1270 3901 1378 3953 mensis

310 3996 423 4044 tantum
451 3993 570 4045 definire
597 3993 702 4045 studet.
740 3998 834 4046 cetera
859 3993 908 4044 alii
926 3993 1072 4053 addidere;
1092 4007 1179 4056 quam
1198 3992 1262 4056 puri
1281 3991 1376 4042 fontes

311 4082 427 4147 fuerint,
448 4082 600 4157 nescimus.
