3225 5034
440 1459 514 1551 De
548 1459 809 1552 Lenaeone
843 1481 1038 1550 mense.

313 1692 474 1769 Dionysia,
500 1710 571 1769 quae
595 1692 708 1753 tenea
724 1695 867 1752 auctores
884 1695 1010 1762 uocant,
1027 1708 1101 1750 cum
1118 1689 1272 1750 Lenaecne

209 1818 314 1860 mense
348 1799 452 1859 ionico
489 1799 643 1859 cohaerere
679 1805 775 1876 atque
810 1816 847 1858 eo
882 1814 991 1858 mense
1027 1796 1184 1856 celebrata
1206 1813 1273 1856 esse

206 1906 410 1985 perspicuum
444 1912 500 1979 est,
537 1905 623 1983 quod
657 1906 723 1967 iam
746 1911 868 1966 ueteres
892 1908 975 1964 recte
998 1907 1193 1981 putauerunt
1216 1920 1274 1963 nec

206 2031 291 2073 nunc
315 2012 484 2089 quisquam
509 2017 619 2089 negat3
646 2010 866 2089 quamobrem,
891 2015 928 2071 ut
942 2015 1070 2087 tempus
1086 2009 1273 2071 Lenaeorum

205 2118 448 2197 comperiamur,
474 2137 570 2195 quem
594 2120 701 2179 locum
725 2117 801 2178 anni
824 2117 877 2177 hic
897 2116 1016 2176 mensis
1032 2116 1177 2189 tenuerit,
1195 2117 1274 2178 scire

206 2225 339 2284 maximi
371 2230 419 2285 cst
442 2225 606 2285 momenti.
654 2223 709 2284 sed
734 2223 773 2283 de
797 2224 857 2283 bac
881 2242 914 2283 re
938 2223 1017 2284 acris
1041 2228 1110 2283 orta
1133 2227 1180 2283 est
1203 2241 1274 2283 con·

205 2331 315 2404 tentio,
340 2349 438 2408 quam
462 2330 627 2410 profligare
652 2348 779 2392 necesse
803 2336 861 2403 est,
886 2335 1058 2407 antequam
1078 2347 1222 2390 mensem
1238 2334 1274 2390 ut

205 2443 430 2514 argumentum
454 2437 654 2499 adhibemus.
681 2438 794 2497 Lenaeo
818 2436 905 2515 apud
928 2435 1108 2497 Hesiodum
1131 2435 1273 2513 primum

205 2543 368 2603 inuenitur
402 2564 452 2622 op.
484 2563 514 2604 u,
552 2544 615 2605 504
651 2563 710 2622 sqq
734 2540 761 2622 (Ι
776 2538 819 2620 1)).
868 2543 971 2603 multo
995 2541 1156 2603 difficilior
1178 2561 1214 2602 ec
1238 2541 1274 2603 fit

207 2648 349 2724 quaestio,
386 2650 470 2726 quod
506 2650 624 2710 mensis
659 2650 783 2710 ionicus
818 2648 905 2727 apud
941 2652 1069 2726 poetam
1093 2646 1273 2709 boeoticum

206 2760 489 2830 commemoratur;
525 2754 645 2816 scholia
669 2773 771 2833 porr0,
804 2774 876 2832 quae
901 2754 975 2814 inde
999 2773 1018 2814 a
1040 2753 1210 2814 Plutarcho
1233 2753 1274 2813 ad

206 2861 311 2921 locum
335 2861 562 2940 explicandum
586 2861 763 2939 conscripta
786 2867 871 2935 eunt,
889 2880 961 2921 eam
977 2859 1190 2920 difficillinam
1206 2859 1273 2919 red·

207 2965 296 3028 dunt.
344 2969 403 3030 Sed
429 2968 609 3029 Hesiodum
633 2968 776 3046 primum
800 2967 1030 3046 aggrediamur.

507 3180 570 3258 De
600 3180 704 3259 loco
734 3179 978 3258 Hesiodeo.

315 3359 442 3420 Veteres
477 3361 578 3421 Graeci
614 3360 693 3421 duas
728 3359 891 3420 habebant
925 3359 1072 3433 rationes,
1096 3358 1272 3421 secundum

207 3483 285 3541 quas
319 3471 464 3545 tempora
499 3466 729 3540 describebant,
766 3485 901 3544 quarum
927 3467 1034 3540 altera,
1066 3484 1138 3544 quae
1161 3464 1202 3525 ad
1225 3483 1274 3525 res

207 3585 310 3632 sacrus
333 3579 363 3633 et
386 3574 496 3635 ciuiles
520 3574 708 3652 pertinebat,
734 3573 774 3634 ad
798 3592 945 3634 normam
969 3574 1055 3634 lunae
1071 3576 1182 3633 exacta
1196 3576 1272 3644 erat,

207 3676 261 3736 sed
288 3677 333 3737 ita
355 3686 391 3739 ut
414 3688 587 3752 caueretur,
612 3699 653 3740 ne
678 3699 697 3740 a
723 3682 788 3741 sole
815 3680 940 3758 longius
957 3680 1172 3740 aberraret·—
1187 3677 1274 3738 hunc

207 3801 330 3843 annum
353 3785 495 3847 lunarem
524 3787 645 3847 ratione
665 3787 740 3847 solis
756 3787 848 3864 quasi
864 3787 1026 3848 astrictam
1051 3802 1204 3846 uocamus
1220 3808 1272 3856 -;

206 3890 305 3949 altera
339 3895 410 3950 ortu
445 3898 475 3951 et
502 3911 615 3954 occasu
650 3893 814 3953 stellarum
845 3897 973 3972 tempus
995 3892 1161 3954 indicabat
1183 3895 1214 3951 et
1237 3909 1274 3951 ea

315 4063 336 4131 l)
363 4066 489 4131 Numeri,
518 4068 566 4132 qui
596 4067 709 4120 romani
737 4071 883 4132 uocantur,
914 4067 950 4119 ad
968 4067 1142 4132 testimonia,
1161 4081 1224 4131 quse
1243 4065 1274 4116 in

205 4155 363 4221 appendice
382 4155 491 4222 collegi,
511 4160 651 4223 spectant.

1097 4300 1099 4304 -
1151 4262 1163 4313 l
