3225 5034
757 417 934 476 ...10-

309 597 343 657 hi
366 596 451 657 tituli
475 595 519 658 sic
535 601 662 656 tantum
678 594 819 673 intellegi
836 600 979 674 possunt,
997 602 1042 668 ut,
1060 613 1134 656 cum
1154 595 1378 670 scriberentur,

308 704 329 765 i.
365 723 391 764 e.
427 703 525 764 altero
556 723 584 763 a.
602 702 682 763 chr.
708 721 738 761 n.
765 701 889 771 saeculo,
915 701 1066 763 Bucutius
1089 701 1257 763 Posideoni
1281 704 1380 765 attico

309 809 514 889 responderit.

417 915 547 977 Accedit
569 915 682 977 titulus
706 915 778 976 CIG
804 915 888 975 1569
909 933 928 974 a
947 909 1152 995 111¹)‚cuius
1168 922 1296 995 tempus
1312 937 1377 978 non
1455 910 1457 921 ⁸

308 1028 444 1093 constut3
481 1022 536 1083 sed
572 1021 612 1083 ab
647 1022 695 1096 iis,
732 1041 813 1100 quos
841 1021 945 1095 attuli,
969 1040 1035 1082 non
1058 1028 1185 1083 tantum
1210 1022 1316 1097 distat,
1343 1030 1381 1085 nt

308 1128 510 1190 adhibendus
546 1147 610 1189 non
645 1129 696 1190 sit.
736 1129 863 1190 Boeckh
899 1128 938 1189 ud
974 1128 995 1188 1.
1032 1128 1104 1189 eis
1138 1148 1213 1189 eum
1248 1135 1303 1190 aut
1327 1132 1377 1192 Ol.

310 1237 382 1309 103,
429 1237 447 1296 2
482 1237 503 1296 i.
540 1255 565 1296 s.
604 1231 704 1304 88716
740 1255 767 1296 a.
804 1235 890 1295 Chr·
914 1255 945 1295 n.
982 1240 1038 1295 aut
1072 1235 1155 1296 inter
1184 1236 1232 1297 Ol.
1261 1239 1319 1297 111
1347 1244 1378 1298 et

309 1343 370 1403 145
411 1343 608 1422 insculptum
644 1361 711 1404 esse
746 1348 847 1421 putat,
884 1360 958 1402 cum
994 1341 1075 1415 OlG,
1116 1343 1209 1416 1584,
1246 1344 1302 1421 qui
1336 1344 1377 1404 ad

307 1450 356 1513 01.
396 1450 457 1511 145
493 1450 557 1510 lere
593 1449 738 1528 pertinet,
774 1451 839 1509 iam
871 1448 980 1526 lingua
1003 1449 1168 1509 communi
1191 1469 1263 1528 quae
1287 1468 1377 1512 uoca-

307 1564 359 1617 tur
384 1557 520 1635 scriptus
544 1557 593 1630 sit,
618 1562 725 1617 noster
740 1561 848 1616 autem
865 1554 1036 1616 dialectum
1057 1555 1213 1617 boeticam
1229 1557 1375 1629 exhibet;

307 1663 413 1724 nescio
436 1682 477 1722 an
500 1663 665 1724 uerissime
689 1662 815 1741 Lipsius
840 1662 929 1723 Stud.
955 1663 1039 1741 Lips.
1057 1664 1077 1723 l.
1096 1663 1115 1725 1.
1133 1682 1207 1723 eum
1224 1663 1271 1735 iis,
1297 1683 1377 1741 quos

218 1850 220 1857 y
307 1776 380 1831 ante
410 1770 512 1838 attuli,
540 1771 636 1849 paulo
660 1770 872 1847 antiquiorem
897 1787 963 1830 esse
987 1769 1112 1830 dixerit.
1160 1788 1232 1830 cum
1258 1770 1376 1830 mensis

307 1878 430 1957 primus
465 1877 632 1955 phocensis
667 1877 834 1955 delphicus
869 1876 1002 1937 Heraeus
1026 1866 1045 1936 i'.
1071 1896 1096 1938 e.
1122 1876 1300 1954 Pyanopsio
1323 1876 1373 1949 sit,

263 2032 265 2035 v
307 2003 346 2044 ex
377 1985 437 2044 hoc
458 1984 553 2044 titulo
577 1983 755 2061 colligimus
778 2002 863 2043 anno
887 1983 1027 2060 quodam
1053 1983 1230 2043 boeoticum
1255 1983 1377 2043 Alalco-

309 2091 452 2151 menium
486 2090 740 2168 Pyonopsionem
771 2090 879 2150 luisse.
932 2089 1082 2151 Bucutius
1105 2109 1177 2167 ergo
1201 2090 1377 2149 Maemacte

308 2198 388 2281 rioni
425 2196 598 2275 respondit,
623 2215 686 2274 quo
710 2215 758 2257 res
783 2197 883 2274 magis
907 2196 1065 2275 implicari
1088 2196 1233 2270 uidetur;
1262 2195 1377 2273 quodsi

308 2304 363 2364 illo
397 2323 482 2364 anno
516 2303 692 2364 Phocenses
719 2311 750 2364 et
775 2303 983 2364 Athenienses
1007 2303 1218 2375 intercalasse,
1244 2303 1376 2362 Boeotos

308 2416 415 2471 autem
451 2430 515 2471 non
550 2410 751 2471 intercalasse
787 2411 945 2472 sumimus
980 2415 1017 2470 ut
1049 2409 1176 2471 Bceckh
1212 2410 1231 2468 1.
1257 2409 1288 2482 1.,
1324 2408 1379 2468 hic

307 2518 420 2578 titulus
444 2537 518 2579 curn
542 2517 700 2596 prioribus
725 2518 932 2579 consociatur.
957 2517 1100 2577 tabulam
1126 2533 1267 2595 appono:

307 2624 393 2703 apud
411 2625 545 2685 Boeotos
660 2624 836 2686 Phocenses
1021 2624 1229 2684 Athenienses

308 2731 489 2793 Damatrius
662 2732 785 2810 primus
814 2732 932 2792 mensis
1022 2730 1201 2809 Pysnopsio

309 2838 543 2900 Alalcomenius
661 2839 819 2900 secundus
1022 2838 1233 2897 Maemacterio

307 2945 459 3006 Bucatius
659 2945 770 3006 tertius
1019 2943 1152 3003 Posideo

307 3051 338 3111 X
364 3070 486 3112 menses
659 3051 837 3112 lV.-XII.
852 3052 989 3111 etinter-
1017 3049 1211 3151 intercalpris
1236 3053 1267 3108 et
1291 3048 1337 3107 IX

697 3159 809 3219 calaris
834 3184 875 3207 =
900 3158 931 3217 X

308 3265 548 3325 Alalcomenius
660 3265 783 3343 primus
1019 3262 1198 3341 Pyanopsio

307 3372 459 3432 Bucetius
562 3390 566 3409 ⁵
659 3371 817 3432 secundus
1019 3369 1232 3431 Maemacterio

414 3478 496 3539 Cum
520 3478 570 3538 his
594 3478 739 3557 lapidum
763 3478 954 3539 testimoniis
979 3476 1213 3555 comparandus
1237 3481 1285 3535 est
1307 3473 1380 3533 Plu·

306 3587 443 3647 tarchus.
469 3586 529 3646 loci
553 3584 586 3645 hi
610 3590 701 3645 sunt:
727 3585 894 3646 Ianuarius
918 3590 967 3645 est
989 3584 1053 3644 iere
1077 3582 1208 3643 Posideo
1231 3581 1308 3641 Caes.
1324 3578 1375 3652 37,

306 3693 379 3754 Kal.
405 3693 496 3752 Mart.
523 3692 586 3751 lere
611 3691 815 3752 nouilunium
839 3689 1093 3752 Anthesterionis
1117 3689 1206 3748 Sulla
1225 3688 1275 3759 14,
1301 3687 1378 3747 Idus

307 3800 392 3878 Sept.
422 3799 486 3858 iere
509 3798 724 3876 plenilunium
750 3798 986 3877 Metagitnionis
1010 3796 1099 3857 Publ.
1129 3796 1179 3866 14;
1205 3795 1378 3854 Alalcome·

311 3913 523 3922 ——-——-—-

415 3953 434 4022 ¹)
462 3977 495 3998 =
513 3955 574 4008 IGS
602 3956 624 4021 I,
652 3955 721 4008 3171
742 3978 776 3999 =
800 3955 901 4009 Collitz
920 3954 973 4007 489
995 3975 1028 3996 =
1047 3951 1168 4015 Lariold,
1198 3950 1261 4017 syll.
1290 3950 1376 4003 inscr.

307 4048 399 4100 boeot.
428 4045 507 4098 33'0:
529 4041 677 4113 Ἀρχοντος
697 4044 723 4094 ὲν
741 4041 889 4114 Ἐρχομενῦ
909 4040 1049 4111 Θυνὰρχω,
1070 4035 1379 4108 μεινὸςἈλαλκομενὶω,

309 4135 334 4184 ἓν
353 4132 380 4184 δὲ
400 4131 520 4217 Peioris]
542 4131 675 4184 Μενοίταο
695 4130 847 4203 ’lippeheim
867 4133 955 4201 μεινὸς
974 4130 1063 4198 πράτω
1082 4126 1138 4182 κτλ.
