3225 5034
731 392 930 453 „130-

297 571 341 654 (p.
369 567 452 650 114),
488 591 527 631 ex
562 571 610 643 iis,
636 571 692 648 qui
715 570 838 631 Lenaeis
861 570 946 631 iocos
970 589 986 630 e
1009 571 1154 632 curribus
1178 570 1280 630 dictos
1303 588 1370 630 esse

298 676 438 751 tradunt,
460 676 575 738 Suidas
603 678 622 738 l.
639 677 660 737 l.
678 695 762 737 eose
779 675 921 737 Choibus
936 676 1094 755 posterius
1109 677 1225 756 petitos
1240 694 1308 737 esse
1324 675 1368 735 di·

299 785 350 857 cit,
368 783 461 844 ceteri
478 801 531 844 ecs
547 803 621 844 cum
638 782 803 844 comoedia
819 784 1041 854 commiscent;
1056 777 1137 844 nihil
1150 782 1299 855 afferunt,
1314 783 1369 860 qui

229 893 230 900 ’
300 890 412 951 dicunt
435 890 598 968 Dionysia,
623 907 694 968 quae
718 890 792 962 sint,
817 909 881 951 non
905 889 1092 952 indicantes.
1140 889 1173 951 hi
1197 890 1259 951 ioci
1276 889 1369 949 comi·

299 996 386 1058 tibus
409 997 564 1075 proteruis
588 995 640 1056 dei
663 996 821 1075 aptissimi
845 1003 944 1067 erant,
962 997 1136 1076 prasertim
1154 998 1180 1058 si
1197 997 1370 1058 silenorum

299 1110 405 1183 partes
437 1102 599 1181 agebant
629 1102 839 1181 quamobrem
874 1103 900 1164 si
929 1104 997 1165 haec
1020 1104 1129 1164 omnia
1152 1091 1371 1174 conferuntur,

300 1229 341 1271 ex
375 1210 414 1270 iis
443 1209 588 1271 concludi
613 1217 717 1288 potest
740 1210 903 1289 quondam
929 1228 1057 1273 currum
1082 1211 1230 1271 naualem
1254 1208 1372 1270 Bacchi

300 1335 357 1395 per
380 1316 450 1377 uias
473 1316 673 1377 athenienses
696 1316 838 1378 Choibus
862 1316 995 1378 ductum
1020 1311 1132 1395 esse1).

409 1422 459 1484 Ad
494 1431 691 1501 postremum
727 1424 900 1485 uerisimile
935 1432 982 1484 est
1016 1424 1191 1485 certamina
1224 1424 1373 1501 quaedam

303 1529 444 1592 Choibus
467 1529 578 1590 habita
601 1548 679 1600 esse,
704 1529 885 1607 dequibus
910 1550 940 1591 u.
967 1550 996 1609 p.
1024 1532 1075 1591 64.
1114 1549 1116 1556 '

684 1773 686 1776 ⁵
711 1791 769 1860 De
794 1790 963 1880 ChytrIs.

411 1974 553 2036 Choibus
588 1974 730 2035 uidimus
765 1994 853 2035 sacra
886 1976 1025 2037 duorum
1049 1995 1201 2055 generum
1225 1974 1377 2036 celebrari

305 2082 532 2160 Bacchumque
555 2082 682 2161 duplice
705 2095 838 2142 munere
860 2082 965 2161 fungi3
995 2102 1070 2143 nam
1098 2091 1130 2144 et
1144 2082 1375 2144 fecunditatem

304 2188 565 2267 fertilitatemque
599 2188 634 2249 in
662 2196 792 2267 tempus
816 2206 951 2268 sequens
975 2191 1015 2250 ab
1039 2209 1075 2250 eo
1098 2189 1320 2268 precabantur,
1345 2194 1379 2248 et

306 2295 345 2368 ci,
370 2295 425 2372 qui
449 2314 571 2355 nouum
596 2295 710 2356 uinum
734 2295 874 2370 dederat,
899 2297 1049 2376 prImitiis
1064 2296 1179 2357 oblatis
1195 2296 1237 2357 ob
1254 2296 1377 2356 donum

306 2403 423 2479 gratiam
457 2401 593 2479 agebant
616 2403 775 2464 feriantes.
824 2404 943 2483 Chytri,
969 2422 1033 2482 quo
1057 2403 1107 2464 die
1131 2403 1253 2463 inferiae
1278 2402 1377 2461 mani·

308 2508 368 2569 bus
403 2514 434 2568 et
467 2507 530 2569 diis
564 2509 674 2570 inferis
701 2510 928 2582 inferebantur,
954 2510 1192 2588 quodammodo
1216 2529 1291 2570 cum
1315 2508 1379 2567 illis

417 2664 437 2730 ¹)
464 2667 647 2719 Duemmlero
676 2669 749 2721 Mus.
778 2670 871 2721 Rhen.
901 2670 996 2721 XLIII
1014 2669 1066 2722 356
1086 2668 1268 2735 praecedente
1287 2667 1380 2718 Bethe

309 2756 468 2821 Prolegom.
492 2755 526 2808 44
547 2771 581 2821 sq
599 2758 740 2823 imagines
760 2774 905 2822 uasorum,
924 2759 1095 2824 quibuscum
1114 2758 1244 2824 plaustra
1263 2755 1378 2821 Thespi·
1417 2747 1421 2754 ’

310 2845 355 2897 dis
383 2845 504 2911 confert,
532 2845 659 2909 adhibet,
688 2851 720 2898 ut
738 2846 880 2911 originem
898 2846 1052 2912 tragoediae
1071 2851 1161 2899 eruat.
1201 2851 1283 2912 putat
1301 2845 1378 2896 enim

310 2941 435 2987 actorem
457 2935 580 3000 primum
600 2936 686 2987 deum
705 2937 800 3002 ipsum
821 2936 912 2988 fuisse
932 2942 961 2988 et
979 2937 1054 2988 hanc
1074 2952 1207 3002 pompam
1228 2951 1300 2997 esse,
1324 2949 1382 3000 qua

310 3024 341 3075 in
371 3024 548 3076 orchestram
575 3025 699 3077 deducta
725 3025 797 3077 deus
826 3026 885 3091 egit
912 3032 942 3078 et
960 3026 1065 3078 chorus
1084 3026 1209 3078 saltauit
1246 3024 1380 3090 equidem

311 3113 365 3165 has
388 3112 529 3179 imagines
550 3130 683 3179 pompam
703 3112 825 3180 choum,
845 3132 909 3167 curn
928 3115 989 3167 ludi
1009 3131 1067 3166 non
1085 3115 1252 3180 agebantur,
1272 3114 1382 3166 referre

313 3208 394 3269 puto;
424 3202 527 3255 Bethio
555 3207 661 3269 autem,
689 3203 737 3268 qui
756 3204 933 3268 tragoediam
953 3203 1083 3256 inferiis
1103 3202 1261 3256 Eleutherii
1280 3207 1381 3265 (etco-

313 3292 456 3343 moediam
484 3291 607 3354 Lenaeis)
634 3291 766 3344 extitisse
795 3308 913 3345 censere
936 3293 1058 3358 uidetur,
1078 3308 1127 3345 eas
1146 3308 1281 3359 pompam
1301 3290 1382 3343 Eleu-

313 3380 399 3433 therii
418 3386 626 3447 repraesentare
645 3381 818 3433 sumendum
838 3387 891 3433 est
928 3383 983 3434 hoc
1002 3387 1098 3434 autem
1116 3383 1211 3434 minus
1224 3379 1384 3432 uerisimile

314 3484 379 3521 esse
407 3470 464 3521 iam
494 3470 556 3521 dixi
576 3471 613 3536 (p.
635 3468 702 3533 127).
739 3470 801 3521 haec
821 3486 905 3535 porro
924 3488 1030 3538 pompa
1048 3471 1216 3537 Eleutherii,
1236 3486 1299 3536 quae
1318 3484 1384 3535 qua-

314 3559 350 3610 lis
380 3558 475 3624 inerit,
494 3559 610 3620 scimus,
629 3574 723 3625 neque
743 3574 808 3611 cum
828 3559 906 3612 uasis
925 3576 1019 3627 neque
1039 3577 1103 3613 eum
1123 3561 1269 3613 sententia
1290 3557 1384 3611 Bethii

315 3648 464 3709 conuenit;
491 3646 584 3707 ξόανον
604 3648 680 3699 enim
700 3648 747 3701 dei
766 3648 925 3701 ducebatur
944 3650 1021 3702 etin
1041 3651 1186 3703 theatrum
1205 3650 1386 3701 inferebatur

314 3738 352 3803 (p.
368 3736 418 3788 118
431 3753 497 3789 ann.
510 3738 533 3798 1,
547 3738 583 3789 ci.
595 3738 625 3789 Α.
639 3737 743 3790 Miiller
753 3739 972 3791 Biihnenaltert
982 3738 1034 3791 367
1048 3755 1073 3792 a.
1086 3740 1119 3796 1).
1139 3739 1225 3792 etiam
1237 3738 1327 3803 magis
1337 3752 1386 3788 res

316 3826 519 3893 implicabitur,
538 3826 561 3878 si
582 3827 797 3880 diiudicandum
818 3829 880 3892 erit,
901 3845 985 3895 quam
1006 3833 1105 3881 uetera
1124 3829 1262 3894 Dionysia
1281 3841 1386 3892 magna

317 3916 385 3968 sint.
421 3920 549 3967 attamen
578 3916 648 3969 mihi
677 3917 821 3983 expositio
850 3918 945 3970 Bethii
975 3918 1100 3986 maxime
1128 3917 1248 3980 arridet;
1272 3918 1386 3969 Lenaeis

318 4020 431 4072 quoque
459 4021 559 4058 currus
586 4006 617 4058 in
637 4022 742 4082 pompa
760 4007 807 4058 dei
828 4007 1017 4072 uehebantur‚
1037 4014 1066 4060 et
1085 4008 1213 4073 plaustra
1231 4007 1387 4073 Thespidis

318 4110 383 4147 rure
404 4101 556 4147 uenerunt.
