3225 5034
666 430 867 491 -113-

229 608 374 668 raculum
409 607 568 667 Andrium
596 608 694 667 etiam
717 614 948 669 commemorat
970 609 1143 672 Pausanias
1169 612 1222 683 VI,
1248 614 1301 687 26,

230 717 260 789 2,
296 716 352 774 ubi
387 714 479 774 Elide
514 722 622 775 nanat
655 721 718 775 tres
753 715 872 775 lebetes
895 716 972 776 uino
995 716 1123 796 impleri
1145 718 1180 778 in
1204 719 1301 792 leriis,

229 841 309 900 quas
338 841 455 882 nomen
486 816 563 879 Θοῖα
587 822 738 899 mysticas
762 840 829 882 esse
853 822 982 884 indicat.
1030 824 1063 884 in
1086 824 1201 886 insulis
1225 827 1302 886 ioni-

229 930 274 990 cis
303 930 363 990 hoo
387 930 577 989 miraculum
602 928 689 989 haud
713 929 847 989 unicum
870 935 931 1001 est;
956 950 1032 991 nam
1056 931 1148 992 Diod.
1174 933 1234 1007 ΙΙΙ,
1261 936 1302 995 66

228 1037 321 1097 Teios
356 1037 518 1097 Bacchum
552 1036 639 1114 apud
674 1054 707 1096 se
742 1043 855 1095 natum
880 1054 947 1097 esse
971 1038 1171 1100 contendisse
1194 1040 1302 1114 tradit,

230 1144 316 1221 quod
345 1144 438 1204 certis
461 1142 659 1221 temporibus
683 1143 755 1203 lons
779 1143 856 1203 uino
880 1142 1001 1218 flueret,
1027 1150 1058 1205 et
1081 1145 1200 1207 Seneca
1223 1147 1301 1209 ced.

229 1252 294 1311 488
330 1270 389 1329 sqq
425 1250 511 1311 canit
542 1250 664 1329 nuptiis
688 1250 838 1311 Ariadnae
861 1250 944 1310 Naxi
967 1251 1095 1312 laticem
1120 1253 1302 1331 Nyctelium
1404 1299 1410 1310 .

229 1378 246 1418 e
281 1358 409 1437 pumice
444 1358 527 1418 sicco
561 1357 706 1430 fluxisse;
743 1358 783 1417 cl.
820 1357 929 1437 Steph.
966 1358 1040 1436 Byn.
1077 1378 1101 1420 s.
1130 1379 1160 1420 u.
1188 1354 1301 1429 Νάξος.

228 1484 319 1526 sacra
355 1464 490 1543 mystica
524 1465 679 1524 Lenaeone
714 1464 840 1525 Baccho
864 1465 1021 1525 celebrata
1043 1485 1110 1527 esse
1135 1467 1305 1529 confirmat

229 1592 323 1651 porro
348 1572 460 1632 titulus
484 1571 566 1631 Bull.
592 1571 697 1645 xvss,
724 1572 765 1632 32
776 1566 808 1651 1).
835 1580 882 1632 est
906 1590 981 1632 sane
1001 1572 1125 1634 serioris
1141 1574 1243 1636 aetatis
1260 1608 1301 1617 -

228 1680 320 1740 alteri
356 1680 438 1758 parti
466 1679 507 1738 Π.
534 1699 564 1758 p.
590 1678 662 1740 Chr.
688 1698 719 1737 n.
745 1678 851 1739 saeculi
877 1679 989 1739 tribuit
1012 1679 1114 1740 editor
1137 1681 1241 1741 Hiller
1264 1682 1305 1744 de

229 1788 429 1865 Gaertringen
464 1820 518 1860 -,
554 1785 609 1846 sed
634 1804 751 1863 magna
774 1786 1052 1847 animaduersione
1076 1785 1201 1864 dignus.
1239 1808 1305 1868 my-

229 1900 297 1968 stae,
331 1913 411 1972 quos
435 1893 551 1954 Bacchi
575 1912 642 1954 esse
666 1893 685 1953 l.
711 1894 730 1953 l.
757 1899 840 1953 recte
864 1893 1019 1953 conclusit
1043 1913 1059 1953 e
1081 1896 1214 1955 nomine
1240 1915 1303 1956 ma·

230 2002 380 2078 gistratus
416 1996 519 2067 ἄππας
543 1997 687 2059 Διονοσοο
711 2006 742 2061 et
767 2019 875 2060 mense
898 2000 1064 2074 Lenaeone,
1089 2002 1233 2062 defuncti
1258 2020 1304 2063 so

229 2109 337 2169 cierati
353 2109 523 2190 pecuniam
540 2109 737 2184 legauerunt,
750 2113 787 2167 ut
800 2107 930 2168 »solita
947 2107 1008 2168 sibi
1021 2108 1219 2181 offerrentur,
1233 2128 1305 2186 quae

230 2216 311 2276 nihil
336 2216 397 2276 nisi
422 2234 510 2276 sacra
533 2214 681 2293 quaedam
705 2233 772 2275 esse
796 2220 940 2292 possunt.
981 2214 1026 2275 sic
1047 2215 1193 2293 Epicteta
1209 2216 1303 2276 socie·

229 2330 328 2382 tatem
369 2323 622 2401 propinquorum
658 2327 850 2382 testamento
885 2322 1034 2395 instituit,
1068 2340 1167 2400 quam
1191 2322 1304 2383 diebus

230 2430 324 2490 certis
341 2429 412 2501 sibi,
430 2430 500 2489 uiro
517 2430 663 2507 natisque
679 2447 767 2489 sacra
783 2429 932 2507 perficere
948 2429 1040 2490 iussit
1056 2426 1131 2510 (IGI
1149 2429 1199 2488 ΙΙΙ
1213 2428 1303 2509 330);

230 2536 389 2597 Elatensis
413 2536 547 2614 quidam
570 2536 689 2614 oppido
713 2554 825 2613 agrum
849 2535 992 2610 donauit,
1010 2539 1046 2596 ut
1062 2535 1113 2595 die
1130 2536 1304 2596 constituto

230 2662 357 2704 sacrum
375 2649 407 2703 et
422 2650 581 2703 certamen
598 2643 632 2702 in
649 2661 744 2703 suum
761 2642 914 2703 honorem
932 2642 1044 2703 fierent
1059 2639 1139 2722 (IGS
1152 2643 1203 2702 III
1218 2638 1302 2724 128);

230 2750 389 2829 Epicurus
412 2748 532 2810 reditus
556 2749 712 2827 quosdam
736 2749 888 2828 seposuit,
906 2748 1022 2827 quibus
1038 2748 1100 2809 sibi
1116 2748 1304 2828 parentibus

229 2856 382 2917 iratribus
406 2857 528 2917 inferiae
551 2855 664 2917 diebus
687 2856 849 2916 natalibus
872 2856 1065 2916 inferrentur
1080 2851 1180 2936 (Diog.
1199 2856 1300 2917 Laert.

229 2964 261 3024 X
303 2960 363 3044 18).
412 2969 532 3041 quanto
568 2963 681 3024 melius
710 2966 792 3025 'cura
826 2963 1013 3023 inferiarum
1048 2963 1178 3041 collegio
1214 2982 1303 3024 sacro

231 3072 416 3132 mandaturi
453 3071 556 3131 multo
590 3071 692 3148 magis
724 3070 865 3131 notabile
889 3075 936 3131 est
959 3069 1190 3148 praescriptum,
1216 3070 1303 3147 quod

229 3198 284 3239 eas
320 3197 428 3238 mense
452 3178 607 3238 Lenaeone
630 3178 739 3238 inlerri
762 3177 861 3250 iubet,
887 3176 973 3255 quod
998 3196 1062 3237 non
1085 3176 1226 3254 intellegi
1249 3196 1303 3255 po

229 3293 292 3346 test
316 3285 377 3346 nisi
399 3285 454 3357 ita,
479 3292 515 3345 ut
539 3292 662 3363 mystae,
687 3284 763 3362 quia
786 3285 846 3345 hoc
863 3303 971 3345 mense
987 3283 1073 3361 orgia
1089 3282 1302 3358 celebrabant,

230 3392 344 3452 eodem
386 3410 494 3464 mense
529 3392 626 3452 etiam
661 3397 734 3469 post
769 3396 904 3452 mortem
941 3408 1051 3451 manes
1079 3390 1182 3451 sacris
1217 3390 1304 3453 affici

341 3620 359 3685 ι)
384 3622 458 3674 Ball.
486 3622 580 3686 XVII,
608 3620 644 3674 32
661 3617 723 3671 Ἐπὶ
741 3619 945 3689 οταφανηρόροο
964 3615 1016 3673 Κλ.
1036 3617 1094 3673 ’Aa
1115 3615 1253 3688 Τοπιανης
1271 3615 1304 3669 ’E

231 3751 238 3764 .
269 3753 274 3763 .
305 3752 311 3763 .
341 3752 347 3763 .
376 3707 499 3779 Φιλήτοο
525 3708 539 3759 ὁ
568 3709 735 3779 ἀρχιμίιστης
763 3710 806 3760 obv
834 3708 880 3759 ναὶ
908 3706 1065 3779 Ἕρμὲρωτ[ι
1095 3704 1223 3777 Εὒ]πι’>ροο
1249 3704 1304 3758 διε-

231 3799 416 3870 οημειώοανπο
446 3800 508 3867 πρὸς
536 3800 564 3850 τὸ
593 3799 653 3858 τοὺς
680 3797 800 3867 [Μύστας
829 3798 869 3870 μὴ
899 3796 1001 3868 ἀγνοεῖν
1028 3797 1088 3857 τοὺς
1107 3794 1304 3857 καταλιπόντας

231 3887 321 3949 αὐτοῖς
351 3885 388 3948 εἰς
415 3887 525 3959 μνημην
552 3887 692 3958 χρήματα.
722 3886 789 3939 ὥστε
813 3893 849 3955 τῷ
869 3886 990 3956 Ληνεῶνι
1011 3885 1075 3956 μηνὶ
1093 3887 1126 3937 τὰ
1145 3881 1303 3954 [elibertina

231 3975 320 4038 αὐτοῖς
357 3977 554 4048 προσφέρεσθαι
582 3975 630 4028 ὑπὸ
657 3984 707 4028 τῶν
736 3983 838 4046 porario
867 3975 894 4037 ἐξ
922 3965 977 4044 ὧ[ν]
1004 3973 1146 4027 κατέλιπον
1173 3980 1209 4043 τῷ
1241 3971 1302 4044 ἱερῷ

232 4065 296 4135 οἴκῳ
317 4067 343 4118 ὲν
362 4064 487 4129 Kitron,
501 4098 534 4104 —
549 4066 695 4137 μηνύοντες
707 4065 822 4134 [bladam
834 4066 946 4125 ἕκαστος
958 4062 1045 4116 αὐτῶν
1057 4062 1191 4115 κατέλιπε·
1211 4061 1304 4133 Φιλή-

232 4173 289 4226 μων
308 4155 325 4206 ὁ·
342 4154 432 4216 ἄππας
453 4155 577 4207 Διονύσου
595 4153 729 4226 (δηνάρια)
749 4152 788 4225 ιη’
807 4151 866 4208 κτλ.

1177 4261 1195 4314 8
