<?xml version="1.0" encoding="UTF-8"?>
<!DOCTYPE html PUBLIC "-//W3C//DTD XHTML 1.0 Transitional//EN"
    "http://www.w3.org/TR/xhtml1/DTD/xhtml1-transitional.dtd">
<html xmlns="http://www.w3.org/1999/xhtml" xml:lang="en" lang="en">
 <head>
  <title>
</title>
<meta http-equiv="Content-Type" content="text/html;charset=utf-8" />
  <meta name='ocr-system' content='tesseract 3.04.00' />
  <meta name='ocr-capabilities' content='ocr_page ocr_carea ocr_par ocr_line ocrx_word'/>
</head>
<body>
  <div class='ocr_page' id='page_1' title='image "./studiadedionysi00nilsgoog_0082.png"; bbox 0 0 3225 5034; ppageno 0'>
   <div class='ocr_carea' id='block_1_1' title="bbox 737 366 914 429">
    <p class='ocr_par' dir='ltr' id='par_1_1' title="bbox 737 366 914 429">
     <span class='ocr_line' id='line_1_1' title="bbox 737 366 914 429; baseline 0 -19"><span class='ocrx_word' id='word_1_1' title='bbox 737 366 914 429; x_wconf 65' lang='lat'>..70-</span> 
     </span>
    </p>
   </div>
   <div class='ocr_carea' id='block_1_2' title="bbox 291 543 1364 3402">
    <p class='ocr_par' dir='ltr' id='par_1_2' title="bbox 291 543 1364 3402">
     <span class='ocr_line' id='line_1_2' title="bbox 293 543 1364 623; baseline 0.003 -19"><span class='ocrx_word' id='word_1_2' title='bbox 293 543 378 604; x_wconf 82' lang='lat' dir='ltr'>aedes</span> <span class='ocrx_word' id='word_1_3' title='bbox 412 544 575 623; x_wconf 80' lang='lat' dir='ltr'>Euripidis</span> <span class='ocrx_word' id='word_1_4' title='bbox 610 545 696 623; x_wconf 91' lang='lat' dir='ltr'>apud</span> <span class='ocrx_word' id='word_1_5' title='bbox 732 545 871 623; x_wconf 91' lang='lat' dir='ltr'>Pnycem</span> <span class='ocrx_word' id='word_1_6' title='bbox 896 546 1097 617; x_wconf 88' lang='lat' dir='ltr'>collocamus,</span> <span class='ocrx_word' id='word_1_7' title='bbox 1123 545 1209 623; x_wconf 90' lang='lat' dir='ltr'>quod</span> <span class='ocrx_word' id='word_1_8' title='bbox 1232 565 1265 606; x_wconf 91' lang='lat' dir='ltr'>re</span> <span class='ocrx_word' id='word_1_9' title='bbox 1289 565 1364 607; x_wconf 90' lang='lat' dir='ltr'>uera</span> 
     </span>
     <span class='ocr_line' id='line_1_3' title="bbox 292 650 1363 731; baseline 0.003 -20"><span class='ocrx_word' id='word_1_10' title='bbox 292 650 496 712; x_wconf 85' lang='lat' dir='ltr'>arbitrarium</span> <span class='ocrx_word' id='word_1_11' title='bbox 532 660 588 726; x_wconf 90' lang='lat' dir='ltr'>est,</span> <span class='ocrx_word' id='word_1_12' title='bbox 625 657 783 713; x_wconf 85' lang='lat' dir='ltr'>mercatus</span> <span class='ocrx_word' id='word_1_13' title='bbox 818 651 1042 731; x_wconf 75' lang='lat' dir='ltr'>Dicaeopnlidis</span> <span class='ocrx_word' id='word_1_14' title='bbox 1069 652 1103 713; x_wconf 92' lang='lat' dir='ltr'>in</span> <span class='ocrx_word' id='word_1_15' title='bbox 1126 652 1231 731; x_wconf 85' lang='lat' dir='ltr'>Pnyce</span> <span class='ocrx_word' id='word_1_16' title='bbox 1254 652 1363 714; x_wconf 85' lang='lat' dir='ltr'>haberi</span> 
     </span>
     <span class='ocr_line' id='line_1_4' title="bbox 291 758 1363 839; baseline 0.003 -21"><span class='ocrx_word' id='word_1_17' title='bbox 291 758 415 835; x_wconf 88' lang='lat' dir='ltr'>nequit,</span> <span class='ocrx_word' id='word_1_18' title='bbox 452 759 506 820; x_wconf 90' lang='lat' dir='ltr'>sed</span> <span class='ocrx_word' id='word_1_19' title='bbox 542 759 696 819; x_wconf 91' lang='lat' dir='ltr'>nimirum</span> <span class='ocrx_word' id='word_1_20' title='bbox 720 764 794 820; x_wconf 91' lang='lat' dir='ltr'>ante</span> <span class='ocrx_word' id='word_1_21' title='bbox 818 758 901 819; x_wconf 90' lang='lat' dir='ltr'>aedes</span> <span class='ocrx_word' id='word_1_22' title='bbox 925 758 1003 833; x_wconf 91' lang='lat' dir='ltr'>eius,</span> <span class='ocrx_word' id='word_1_23' title='bbox 1027 778 1101 820; x_wconf 91' lang='lat' dir='ltr'>cum</span> <span class='ocrx_word' id='word_1_24' title='bbox 1126 762 1152 820; x_wconf 92' lang='lat' dir='ltr'>is</span> <span class='ocrx_word' id='word_1_25' title='bbox 1176 760 1262 820; x_wconf 91' lang='lat' dir='ltr'>solus</span> <span class='ocrx_word' id='word_1_26' title='bbox 1286 779 1363 839; x_wconf 86' lang='lat' dir='ltr'>pace</span> 
     </span>
     <span class='ocr_line' id='line_1_5' title="bbox 292 865 1363 944; baseline 0.002 -19"><span class='ocrx_word' id='word_1_27' title='bbox 292 865 425 925; x_wconf 80' lang='lat' dir='ltr'>fruatur.</span> <span class='ocrx_word' id='word_1_28' title='bbox 473 865 518 927; x_wconf 92' lang='lat' dir='ltr'>sic</span> <span class='ocrx_word' id='word_1_29' title='bbox 552 884 592 925; x_wconf 85' lang='lat' dir='ltr'>ex</span> <span class='ocrx_word' id='word_1_30' title='bbox 626 865 759 940; x_wconf 87' lang='lat' dir='ltr'>aedibus,</span> <span class='ocrx_word' id='word_1_31' title='bbox 795 885 835 926; x_wconf 87' lang='lat' dir='ltr'>ex</span> <span class='ocrx_word' id='word_1_32' title='bbox 865 865 982 944; x_wconf 92' lang='lat' dir='ltr'>quibus</span> <span class='ocrx_word' id='word_1_33' title='bbox 1006 872 1133 939; x_wconf 85' lang='lat' dir='ltr'>exeunt,</span> <span class='ocrx_word' id='word_1_34' title='bbox 1157 866 1191 926; x_wconf 95' lang='lat' dir='ltr'>in</span> <span class='ocrx_word' id='word_1_35' title='bbox 1215 885 1295 944; x_wconf 89' lang='lat' dir='ltr'>quas</span> <span class='ocrx_word' id='word_1_36' title='bbox 1318 866 1363 927; x_wconf 90' lang='lat' dir='ltr'>in·</span> 
     </span>
     <span class='ocr_line' id='line_1_6' title="bbox 292 971 1360 1052; baseline 0.002 -20"><span class='ocrx_word' id='word_1_37' title='bbox 292 977 429 1046; x_wconf 86' lang='lat' dir='ltr'>troeunt,</span> <span class='ocrx_word' id='word_1_38' title='bbox 468 971 660 1050; x_wconf 84' lang='lat' dir='ltr'>quibuscum</span> <span class='ocrx_word' id='word_1_39' title='bbox 700 972 863 1051; x_wconf 84' lang='lat' dir='ltr'>negotium</span> <span class='ocrx_word' id='word_1_40' title='bbox 899 972 1019 1034; x_wconf 89' lang='lat' dir='ltr'>hahent</span> <span class='ocrx_word' id='word_1_41' title='bbox 1053 978 1183 1045; x_wconf 86' lang='lat' dir='ltr'>actores,</span> <span class='ocrx_word' id='word_1_42' title='bbox 1219 980 1360 1052; x_wconf 87' lang='lat' dir='ltr'>apparet,</span> 
     </span>
     <span class='ocr_line' id='line_1_7' title="bbox 292 1060 1363 1159; baseline 0.002 -21"><span class='ocrx_word' id='word_1_43' title='bbox 292 1079 370 1156; x_wconf 88' lang='lat' dir='ltr'>quid</span> <span class='ocrx_word' id='word_1_44' title='bbox 395 1079 556 1141; x_wconf 80' lang='lat' dir='ltr'><strong>orchestra</strong></span> <span class='ocrx_word' id='word_1_45' title='bbox 578 1060 790 1158; x_wconf 82' lang='lat' dir='ltr'>repraesentet,</span> <span class='ocrx_word' id='word_1_46' title='bbox 814 1080 870 1153; x_wconf 88' lang='lat' dir='ltr'>ita,</span> <span class='ocrx_word' id='word_1_47' title='bbox 887 1086 923 1140; x_wconf 91' lang='lat' dir='ltr'>ut</span> <span class='ocrx_word' id='word_1_48' title='bbox 939 1079 1099 1141; x_wconf 71' lang='lat' dir='ltr'>orchestra</span> <span class='ocrx_word' id='word_1_49' title='bbox 1114 1098 1240 1159; x_wconf 82' lang='lat' dir='ltr'>semper</span> <span class='ocrx_word' id='word_1_50' title='bbox 1256 1099 1363 1140; x_wconf 85' lang='lat' dir='ltr'>aream</span> 
     </span>
     <span class='ocr_line' id='line_1_8' title="bbox 291 1185 1360 1265; baseline 0.002 -19"><span class='ocrx_word' id='word_1_51' title='bbox 291 1190 366 1246; x_wconf 85' lang='lat' dir='ltr'>ante</span> <span class='ocrx_word' id='word_1_52' title='bbox 389 1185 482 1256; x_wconf 90' lang='lat' dir='ltr'>aedes,</span> <span class='ocrx_word' id='word_1_53' title='bbox 507 1186 700 1263; x_wconf 81' lang='lat' dir='ltr'>quibuscum</span> <span class='ocrx_word' id='word_1_54' title='bbox 725 1185 894 1247; x_wconf 82' lang='lat' dir='ltr'>histriones</span> <span class='ocrx_word' id='word_1_55' title='bbox 918 1205 985 1246; x_wconf 89' lang='lat' dir='ltr'>rem</span> <span class='ocrx_word' id='word_1_56' title='bbox 1003 1186 1132 1260; x_wconf 86' lang='lat' dir='ltr'>habent,</span> <span class='ocrx_word' id='word_1_57' title='bbox 1148 1192 1360 1265; x_wconf 87' lang='lat' dir='ltr'>repraesentet.</span> 
     </span>
     <span class='ocr_line' id='line_1_9' title="bbox 292 1291 1362 1375; baseline 0.002 -23"><span class='ocrx_word' id='word_1_58' title='bbox 292 1291 337 1353; x_wconf 91' lang='lat' dir='ltr'>sic</span> <span class='ocrx_word' id='word_1_59' title='bbox 360 1292 393 1352; x_wconf 91' lang='lat' dir='ltr'>in</span> <span class='ocrx_word' id='word_1_60' title='bbox 418 1292 496 1354; x_wconf 85' lang='lat' dir='ltr'>Pace</span> <span class='ocrx_word' id='word_1_61' title='bbox 519 1293 679 1375; x_wconf 79' lang='lat' dir='ltr'>orchestra</span> <span class='ocrx_word' id='word_1_62' title='bbox 703 1293 799 1354; x_wconf 90' lang='lat' dir='ltr'>modo</span> <span class='ocrx_word' id='word_1_63' title='bbox 823 1312 896 1353; x_wconf 84' lang='lat' dir='ltr'>area</span> <span class='ocrx_word' id='word_1_64' title='bbox 919 1299 992 1354; x_wconf 84' lang='lat' dir='ltr'>ante</span> <span class='ocrx_word' id='word_1_65' title='bbox 1016 1293 1099 1355; x_wconf 84' lang='lat' dir='ltr'>aedes</span> <span class='ocrx_word' id='word_1_66' title='bbox 1115 1294 1249 1372; x_wconf 83' lang='lat' dir='ltr'>Trygaei,</span> <span class='ocrx_word' id='word_1_67' title='bbox 1267 1293 1362 1354; x_wconf 92' lang='lat' dir='ltr'>modo</span> 
     </span>
     <span class='ocr_line' id='line_1_10' title="bbox 291 1393 1363 1479; baseline 0.001 -20"><span class='ocrx_word' id='word_1_68' title='bbox 291 1407 366 1459; x_wconf 87' lang='lat' dir='ltr'>ante</span> <span class='ocrx_word' id='word_1_69' title='bbox 400 1399 487 1460; x_wconf 91' lang='lat' dir='ltr'>Iouis</span> <span class='ocrx_word' id='word_1_70' title='bbox 515 1399 649 1460; x_wconf 92' lang='lat' dir='ltr'>domum</span> <span class='ocrx_word' id='word_1_71' title='bbox 673 1405 720 1460; x_wconf 90' lang='lat' dir='ltr'>est</span> <span class='ocrx_word' id='word_1_72' title='bbox 734 1393 766 1479; x_wconf 85' lang='lat'>¹).</span> <span class='ocrx_word' id='word_1_73' title='bbox 814 1399 847 1459; x_wconf 93' lang='lat' dir='ltr'>in</span> <span class='ocrx_word' id='word_1_74' title='bbox 876 1399 974 1460; x_wconf 85' lang='lat' dir='ltr'>Ranis</span> <span class='ocrx_word' id='word_1_75' title='bbox 998 1398 1094 1460; x_wconf 90' lang='lat' dir='ltr'>modo</span> <span class='ocrx_word' id='word_1_76' title='bbox 1117 1405 1199 1460; x_wconf 86' lang='lat' dir='ltr'>terra</span> <span class='ocrx_word' id='word_1_77' title='bbox 1223 1406 1363 1460; x_wconf 85' lang='lat' dir='ltr'>—ante</span> 
     </span>
     <span class='ocr_line' id='line_1_11' title="bbox 291 1504 1362 1568; baseline 0.002 -3"><span class='ocrx_word' id='word_1_78' title='bbox 291 1504 375 1566; x_wconf 84' lang='lat' dir='ltr'>aedes</span> <span class='ocrx_word' id='word_1_79' title='bbox 400 1505 546 1567; x_wconf 86' lang='lat' dir='ltr'>Herculis</span> <span class='ocrx_word' id='word_1_80' title='bbox 570 1540 612 1548; x_wconf 94' lang='lat'>-</span> <span class='ocrx_word' id='word_1_81' title='bbox 636 1505 732 1567; x_wconf 90' lang='lat' dir='ltr'>modo</span> <span class='ocrx_word' id='word_1_82' title='bbox 753 1524 845 1566; x_wconf 90' lang='lat' dir='ltr'>orcus</span> <span class='ocrx_word' id='word_1_83' title='bbox 867 1539 905 1548; x_wconf 93' lang='lat'>-</span> <span class='ocrx_word' id='word_1_84' title='bbox 921 1513 994 1566; x_wconf 87' lang='lat' dir='ltr'>ante</span> <span class='ocrx_word' id='word_1_85' title='bbox 1010 1505 1143 1567; x_wconf 91' lang='lat' dir='ltr'>domum</span> <span class='ocrx_word' id='word_1_86' title='bbox 1160 1505 1303 1568; x_wconf 90' lang='lat' dir='ltr'>Plutonis</span> <span class='ocrx_word' id='word_1_87' title='bbox 1319 1540 1362 1550; x_wconf 93' lang='lat'>-</span> 
     </span>
     <span class='ocr_line' id='line_1_12' title="bbox 292 1611 1362 1683; baseline 0.001 -11"><span class='ocrx_word' id='word_1_88' title='bbox 292 1611 453 1673; x_wconf 80' lang='lat' dir='ltr'>orchestra</span> <span class='ocrx_word' id='word_1_89' title='bbox 488 1620 544 1673; x_wconf 86' lang='lat' dir='ltr'>est.</span> <span class='ocrx_word' id='word_1_90' title='bbox 591 1613 705 1673; x_wconf 85' lang='lat' dir='ltr'>alteras</span> <span class='ocrx_word' id='word_1_91' title='bbox 729 1613 812 1673; x_wconf 87' lang='lat' dir='ltr'>aedes</span> <span class='ocrx_word' id='word_1_92' title='bbox 837 1612 993 1683; x_wconf 88' lang='lat' dir='ltr'>Herculis,</span> <span class='ocrx_word' id='word_1_93' title='bbox 1019 1612 1132 1673; x_wconf 85' lang='lat' dir='ltr'>alteras</span> <span class='ocrx_word' id='word_1_94' title='bbox 1156 1611 1299 1674; x_wconf 88' lang='lat' dir='ltr'>Plutonis</span> <span class='ocrx_word' id='word_1_95' title='bbox 1323 1612 1362 1673; x_wconf 89' lang='lat' dir='ltr'>de</span> 
     </span>
     <span class='ocr_line' id='line_1_13' title="bbox 294 1717 1362 1797; baseline 0.001 -19"><span class='ocrx_word' id='word_1_96' title='bbox 294 1717 386 1790; x_wconf 88' lang='lat' dir='ltr'>binis,</span> <span class='ocrx_word' id='word_1_97' title='bbox 422 1738 493 1797; x_wconf 90' lang='lat' dir='ltr'>quae</span> <span class='ocrx_word' id='word_1_98' title='bbox 520 1720 553 1779; x_wconf 93' lang='lat' dir='ltr'>in</span> <span class='ocrx_word' id='word_1_99' title='bbox 578 1738 682 1780; x_wconf 84' lang='lat' dir='ltr'>scaena</span> <span class='ocrx_word' id='word_1_100' title='bbox 705 1719 844 1794; x_wconf 86' lang='lat' dir='ltr'>luerunt,</span> <span class='ocrx_word' id='word_1_101' title='bbox 869 1720 967 1780; x_wconf 85' lang='lat' dir='ltr'>luisse</span> <span class='ocrx_word' id='word_1_102' title='bbox 990 1718 1093 1793; x_wconf 90' lang='lat' dir='ltr'>credo,</span> <span class='ocrx_word' id='word_1_103' title='bbox 1118 1719 1173 1780; x_wconf 90' lang='lat' dir='ltr'>sed</span> <span class='ocrx_word' id='word_1_104' title='bbox 1197 1721 1258 1780; x_wconf 93' lang='lat' dir='ltr'>hoc</span> <span class='ocrx_word' id='word_1_105' title='bbox 1281 1719 1362 1780; x_wconf 89' lang='lat' dir='ltr'>nihil</span> 
     </span>
     <span class='ocr_line' id='line_1_14' title="bbox 291 1825 1360 1905; baseline 0.001 -19"><span class='ocrx_word' id='word_1_106' title='bbox 291 1825 332 1886; x_wconf 87' lang='lat' dir='ltr'>ad</span> <span class='ocrx_word' id='word_1_107' title='bbox 356 1845 423 1886; x_wconf 92' lang='lat' dir='ltr'>rem</span> <span class='ocrx_word' id='word_1_108' title='bbox 446 1826 592 1904; x_wconf 87' lang='lat' dir='ltr'>pertinet.</span> <span class='ocrx_word' id='word_1_109' title='bbox 628 1827 786 1899; x_wconf 90' lang='lat' dir='ltr'>uidemus,</span> <span class='ocrx_word' id='word_1_110' title='bbox 811 1827 838 1888; x_wconf 91' lang='lat' dir='ltr'>si</span> <span class='ocrx_word' id='word_1_111' title='bbox 862 1826 955 1899; x_wconf 87' lang='lat' dir='ltr'>aedes,</span> <span class='ocrx_word' id='word_1_112' title='bbox 972 1826 1012 1887; x_wconf 91' lang='lat' dir='ltr'>ad</span> <span class='ocrx_word' id='word_1_113' title='bbox 1030 1845 1110 1904; x_wconf 85' lang='lat' dir='ltr'>quas</span> <span class='ocrx_word' id='word_1_114' title='bbox 1126 1826 1208 1888; x_wconf 85' lang='lat' dir='ltr'>actio</span> <span class='ocrx_word' id='word_1_115' title='bbox 1224 1826 1360 1905; x_wconf 83' lang='lat' dir='ltr'>respicit,</span> 
     </span>
     <span class='ocr_line' id='line_1_15' title="bbox 292 1933 1363 2012; baseline 0.001 -20"><span class='ocrx_word' id='word_1_116' title='bbox 292 1933 362 1993; x_wconf 88' lang='lat' dir='ltr'>aliae</span> <span class='ocrx_word' id='word_1_117' title='bbox 385 1939 470 2003; x_wconf 88' lang='lat' dir='ltr'>sunt,</span> <span class='ocrx_word' id='word_1_118' title='bbox 494 1933 689 1994; x_wconf 87' lang='lat' dir='ltr'>orchestram</span> <span class='ocrx_word' id='word_1_119' title='bbox 724 1953 851 2012; x_wconf 88' lang='lat' dir='ltr'>quoque</span> <span class='ocrx_word' id='word_1_120' title='bbox 886 1934 986 1993; x_wconf 90' lang='lat' dir='ltr'>alium</span> <span class='ocrx_word' id='word_1_121' title='bbox 1009 1934 1115 1993; x_wconf 89' lang='lat' dir='ltr'>locum</span> <span class='ocrx_word' id='word_1_122' title='bbox 1139 1940 1363 2012; x_wconf 78' lang='lat' dir='ltr'>repraesentare</span> 
     </span>
     <span class='ocr_line' id='line_1_16' title="bbox 292 2039 1363 2118; baseline 0.001 -19"><span class='ocrx_word' id='word_1_123' title='bbox 292 2045 323 2099; x_wconf 88' lang='lat' dir='ltr'>et</span> <span class='ocrx_word' id='word_1_124' title='bbox 347 2039 414 2100; x_wconf 79' lang='lat' dir='ltr'>haec</span> <span class='ocrx_word' id='word_1_125' title='bbox 438 2044 506 2100; x_wconf 89' lang='lat' dir='ltr'>loca</span> <span class='ocrx_word' id='word_1_126' title='bbox 530 2041 669 2101; x_wconf 90' lang='lat' dir='ltr'>multum</span> <span class='ocrx_word' id='word_1_127' title='bbox 698 2041 780 2102; x_wconf 91' lang='lat' dir='ltr'>inter</span> <span class='ocrx_word' id='word_1_128' title='bbox 803 2059 836 2101; x_wconf 90' lang='lat' dir='ltr'>se</span> <span class='ocrx_word' id='word_1_129' title='bbox 860 2040 976 2100; x_wconf 86' lang='lat' dir='ltr'>distare</span> <span class='ocrx_word' id='word_1_130' title='bbox 999 2059 1100 2117; x_wconf 85' lang='lat' dir='ltr'>posse.</span> <span class='ocrx_word' id='word_1_131' title='bbox 1138 2059 1244 2100; x_wconf 91' lang='lat' dir='ltr'>nonne</span> <span class='ocrx_word' id='word_1_132' title='bbox 1267 2040 1363 2118; x_wconf 82' lang='lat' dir='ltr'>igitur</span> 
     </span>
     <span class='ocr_line' id='line_1_17' title="bbox 291 2145 1362 2225; baseline 0.002 -19"><span class='ocrx_word' id='word_1_133' title='bbox 291 2145 359 2206; x_wconf 91' lang='lat' dir='ltr'>fieri</span> <span class='ocrx_word' id='word_1_134' title='bbox 393 2152 506 2225; x_wconf 89' lang='lat' dir='ltr'>potest,</span> <span class='ocrx_word' id='word_1_135' title='bbox 543 2152 578 2208; x_wconf 88' lang='lat' dir='ltr'>ut</span> <span class='ocrx_word' id='word_1_136' title='bbox 612 2148 646 2206; x_wconf 91' lang='lat' dir='ltr'>in</span> <span class='ocrx_word' id='word_1_137' title='bbox 681 2146 793 2207; x_wconf 89' lang='lat' dir='ltr'>eadem</span> <span class='ocrx_word' id='word_1_138' title='bbox 828 2146 938 2207; x_wconf 85' lang='lat' dir='ltr'>fabula</span> <span class='ocrx_word' id='word_1_139' title='bbox 972 2147 1132 2208; x_wconf 90' lang='lat' dir='ltr'>orchestra</span> <span class='ocrx_word' id='word_1_140' title='bbox 1167 2147 1263 2208; x_wconf 91' lang='lat' dir='ltr'>modo</span> <span class='ocrx_word' id='word_1_141' title='bbox 1285 2147 1362 2208; x_wconf 88' lang='lat' dir='ltr'>urbs</span> 
     </span>
     <span class='ocr_line' id='line_1_18' title="bbox 293 2252 1362 2327; baseline 0.001 -14"><span class='ocrx_word' id='word_1_142' title='bbox 293 2252 389 2313; x_wconf 92' lang='lat' dir='ltr'>modo</span> <span class='ocrx_word' id='word_1_143' title='bbox 423 2272 476 2314; x_wconf 89' lang='lat' dir='ltr'>rus</span> <span class='ocrx_word' id='word_1_144' title='bbox 511 2254 562 2327; x_wconf 94' lang='lat' dir='ltr'>sit,</span> <span class='ocrx_word' id='word_1_145' title='bbox 598 2273 672 2314; x_wconf 90' lang='lat' dir='ltr'>cum</span> <span class='ocrx_word' id='word_1_146' title='bbox 695 2254 728 2313; x_wconf 92' lang='lat' dir='ltr'>in</span> <span class='ocrx_word' id='word_1_147' title='bbox 753 2254 816 2314; x_wconf 84' lang='lat' dir='ltr'>alia</span> <span class='ocrx_word' id='word_1_148' title='bbox 841 2255 936 2315; x_wconf 93' lang='lat' dir='ltr'>modo</span> <span class='ocrx_word' id='word_1_149' title='bbox 959 2273 1051 2315; x_wconf 90' lang='lat' dir='ltr'>orcus</span> <span class='ocrx_word' id='word_1_150' title='bbox 1075 2253 1171 2314; x_wconf 91' lang='lat' dir='ltr'>modo</span> <span class='ocrx_word' id='word_1_151' title='bbox 1194 2261 1276 2314; x_wconf 90' lang='lat' dir='ltr'>terra</span> <span class='ocrx_word' id='word_1_152' title='bbox 1300 2254 1362 2315; x_wconf 79' lang='lat' dir='ltr'>sit?</span> 
     </span>
     <span class='ocr_line' id='line_1_19' title="bbox 292 2359 1363 2439; baseline 0 -19"><span class='ocrx_word' id='word_1_153' title='bbox 292 2359 375 2421; x_wconf 83' lang='lat' dir='ltr'>aedes</span> <span class='ocrx_word' id='word_1_154' title='bbox 410 2365 536 2420; x_wconf 86' lang='lat' dir='ltr'>tantum</span> <span class='ocrx_word' id='word_1_155' title='bbox 572 2365 709 2437; x_wconf 83' lang='lat' dir='ltr'>agrestes</span> <span class='ocrx_word' id='word_1_156' title='bbox 743 2359 967 2439; x_wconf 88' lang='lat' dir='ltr'>Dicaeopolidis</span> <span class='ocrx_word' id='word_1_157' title='bbox 998 2360 1033 2420; x_wconf 89' lang='lat' dir='ltr'>in</span> <span class='ocrx_word' id='word_1_158' title='bbox 1063 2378 1167 2422; x_wconf 83' lang='lat' dir='ltr'>scaena</span> <span class='ocrx_word' id='word_1_159' title='bbox 1190 2361 1288 2422; x_wconf 85' lang='lat' dir='ltr'>fuisse</span> <span class='ocrx_word' id='word_1_160' title='bbox 1312 2379 1363 2421; x_wconf 90' lang='lat' dir='ltr'>su-</span> 
     </span>
     <span class='ocr_line' id='line_1_20' title="bbox 292 2466 1360 2546; baseline 0.001 -19"><span class='ocrx_word' id='word_1_161' title='bbox 292 2485 433 2528; x_wconf 89' lang='lat' dir='ltr'>mamus:</span> <span class='ocrx_word' id='word_1_162' title='bbox 458 2466 627 2540; x_wconf 89' lang='lat' dir='ltr'>orchestra,</span> <span class='ocrx_word' id='word_1_163' title='bbox 652 2467 891 2545; x_wconf 84' lang='lat' dir='ltr'>quandolibet,</span> <span class='ocrx_word' id='word_1_164' title='bbox 917 2485 970 2528; x_wconf 90' lang='lat' dir='ltr'>rus</span> <span class='ocrx_word' id='word_1_165' title='bbox 993 2473 1051 2530; x_wconf 89' lang='lat' dir='ltr'>est.</span> <span class='ocrx_word' id='word_1_166' title='bbox 1086 2467 1146 2528; x_wconf 92' lang='lat' dir='ltr'>hoc</span> <span class='ocrx_word' id='word_1_167' title='bbox 1163 2467 1229 2527; x_wconf 88' lang='lat' dir='ltr'>fieri</span> <span class='ocrx_word' id='word_1_168' title='bbox 1247 2472 1360 2546; x_wconf 90' lang='lat' dir='ltr'>potest.</span> 
     </span>
     <span class='ocr_line' id='line_1_21' title="bbox 291 2573 1363 2636; baseline 0 -2"><span class='ocrx_word' id='word_1_169' title='bbox 291 2594 367 2634; x_wconf 86' lang='lat' dir='ltr'>nam</span> <span class='ocrx_word' id='word_1_170' title='bbox 402 2580 508 2635; x_wconf 89' lang='lat' dir='ltr'>ternas</span> <span class='ocrx_word' id='word_1_171' title='bbox 542 2573 626 2635; x_wconf 88' lang='lat' dir='ltr'>aedes</span> <span class='ocrx_word' id='word_1_172' title='bbox 660 2574 693 2634; x_wconf 91' lang='lat' dir='ltr'>in</span> <span class='ocrx_word' id='word_1_173' title='bbox 729 2593 833 2635; x_wconf 80' lang='lat' dir='ltr'>scaena</span> <span class='ocrx_word' id='word_1_174' title='bbox 861 2575 958 2634; x_wconf 87' lang='lat' dir='ltr'>etiam</span> <span class='ocrx_word' id='word_1_175' title='bbox 989 2574 1022 2634; x_wconf 90' lang='lat' dir='ltr'>in</span> <span class='ocrx_word' id='word_1_176' title='bbox 1046 2573 1272 2636; x_wconf 86' lang='lat' dir='ltr'>Ecclesiazusis</span> <span class='ocrx_word' id='word_1_177' title='bbox 1295 2592 1363 2634; x_wconf 88' lang='lat' dir='ltr'>esse</span> 
     </span>
     <span class='ocr_line' id='line_1_22' title="bbox 291 2678 1363 2756; baseline -0.001 -15"><span class='ocrx_word' id='word_1_178' title='bbox 291 2700 418 2742; x_wconf 90' lang='lat' dir='ltr'>necesse</span> <span class='ocrx_word' id='word_1_179' title='bbox 452 2688 508 2755; x_wconf 91' lang='lat' dir='ltr'>est,</span> <span class='ocrx_word' id='word_1_180' title='bbox 544 2689 576 2741; x_wconf 90' lang='lat' dir='ltr'>et</span> <span class='ocrx_word' id='word_1_181' title='bbox 611 2681 672 2742; x_wconf 94' lang='lat' dir='ltr'>hoc</span> <span class='ocrx_word' id='word_1_182' title='bbox 706 2699 779 2741; x_wconf 90' lang='lat' dir='ltr'>cum</span> <span class='ocrx_word' id='word_1_183' title='bbox 817 2700 918 2742; x_wconf 83' lang='lat' dir='ltr'>scaena</span> <span class='ocrx_word' id='word_1_184' title='bbox 943 2686 975 2741; x_wconf 91' lang='lat' dir='ltr'>et</span> <span class='ocrx_word' id='word_1_185' title='bbox 997 2681 1121 2741; x_wconf 88' lang='lat' dir='ltr'>theatro</span> <span class='ocrx_word' id='word_1_186' title='bbox 1144 2680 1295 2741; x_wconf 91' lang='lat' dir='ltr'>conuenit</span> <span class='ocrx_word' id='word_1_187' title='bbox 1317 2678 1363 2756; x_wconf 84' lang='lat' dir='ltr'>(ci</span> 
     </span>
     <span class='ocr_line' id='line_1_23' title="bbox 291 2785 1362 2868; baseline -0.001 -19"><span class='ocrx_word' id='word_1_188' title='bbox 291 2787 463 2867; x_wconf 89' lang='lat' dir='ltr'>Doerpleld</span> <span class='ocrx_word' id='word_1_189' title='bbox 499 2795 529 2848; x_wconf 89' lang='lat' dir='ltr'>et</span> <span class='ocrx_word' id='word_1_190' title='bbox 564 2788 678 2849; x_wconf 86' lang='lat' dir='ltr'>Reisch</span> <span class='ocrx_word' id='word_1_191' title='bbox 714 2808 745 2865; x_wconf 88' lang='lat' dir='ltr'>p.</span> <span class='ocrx_word' id='word_1_192' title='bbox 771 2785 856 2868; x_wconf 82' lang='lat'><strong>207).</strong></span> <span class='ocrx_word' id='word_1_193' title='bbox 904 2788 1016 2866; x_wconf 87' lang='lat' dir='ltr'>primae</span> <span class='ocrx_word' id='word_1_194' title='bbox 1040 2793 1116 2848; x_wconf 92' lang='lat' dir='ltr'>sunt</span> <span class='ocrx_word' id='word_1_195' title='bbox 1138 2786 1362 2866; x_wconf 89' lang='lat' dir='ltr'>Dicaeopolidis</span> 
     </span>
     <span class='ocr_line' id='line_1_24' title="bbox 291 2889 1360 2975; baseline 0 -20"><span class='ocrx_word' id='word_1_196' title='bbox 291 2896 431 2967; x_wconf 85' lang='lat' dir='ltr'>urbanae,</span> <span class='ocrx_word' id='word_1_197' title='bbox 468 2896 573 2955; x_wconf 82' lang='lat' dir='ltr'>alterae</span> <span class='ocrx_word' id='word_1_198' title='bbox 606 2899 752 2972; x_wconf 81' lang='lat' dir='ltr'>agrestes,</span> <span class='ocrx_word' id='word_1_199' title='bbox 777 2895 877 2955; x_wconf 87' lang='lat' dir='ltr'>tertiae</span> <span class='ocrx_word' id='word_1_200' title='bbox 901 2893 1064 2973; x_wconf 80' lang='lat' dir='ltr'>Euripidis</span> <span class='ocrx_word' id='word_1_201' title='bbox 1087 2900 1118 2954; x_wconf 86' lang='lat' dir='ltr'>et</span> <span class='ocrx_word' id='word_1_202' title='bbox 1142 2894 1293 2954; x_wconf 87' lang='lat' dir='ltr'>Lamaohi</span> <span class='ocrx_word' id='word_1_203' title='bbox 1318 2889 1360 2975; x_wconf 88' lang='lat' dir='ltr'>(u.</span> 
     </span>
     <span class='ocr_line' id='line_1_25' title="bbox 295 3000 1361 3079; baseline 0 -18"><span class='ocrx_word' id='word_1_204' title='bbox 295 3000 390 3076; x_wconf 82' lang='lat'>1072,</span> <span class='ocrx_word' id='word_1_205' title='bbox 416 3004 446 3063; x_wconf 86' lang='lat' dir='ltr'>cl</span> <span class='ocrx_word' id='word_1_206' title='bbox 469 3021 500 3062; x_wconf 91' lang='lat' dir='ltr'>u.</span> <span class='ocrx_word' id='word_1_207' title='bbox 530 3001 612 3062; x_wconf 82' lang='lat'>1174</span> <span class='ocrx_word' id='word_1_208' title='bbox 638 3001 718 3079; x_wconf 81' lang='lat' dir='ltr'>sqq),</span> <span class='ocrx_word' id='word_1_209' title='bbox 731 3001 805 3071; x_wconf 36' lang='lat' dir='ltr'>,nisi</span> <span class='ocrx_word' id='word_1_210' title='bbox 830 3001 981 3062; x_wconf 86' lang='lat' dir='ltr'>Lamachi</span> <span class='ocrx_word' id='word_1_211' title='bbox 998 3000 1082 3061; x_wconf 89' lang='lat' dir='ltr'>aedes</span> <span class='ocrx_word' id='word_1_212' title='bbox 1097 3000 1217 3061; x_wconf 89' lang='lat' dir='ltr'>eaedem</span> <span class='ocrx_word' id='word_1_213' title='bbox 1234 3005 1310 3062; x_wconf 90' lang='lat' dir='ltr'>sunt</span> <span class='ocrx_word' id='word_1_214' title='bbox 1325 3019 1361 3061; x_wconf 89' lang='lat' dir='ltr'>ac</span> 
     </span>
     <span class='ocr_line' id='line_1_26' title="bbox 292 3106 1359 3188; baseline -0.002 -19"><span class='ocrx_word' id='word_1_215' title='bbox 292 3108 516 3188; x_wconf 84' lang='lat' dir='ltr'>Dicaeopolidis</span> <span class='ocrx_word' id='word_1_216' title='bbox 550 3113 701 3186; x_wconf 89' lang='lat' dir='ltr'>agrestes;</span> <span class='ocrx_word' id='word_1_217' title='bbox 727 3126 802 3167; x_wconf 87' lang='lat' dir='ltr'>nam</span> <span class='ocrx_word' id='word_1_218' title='bbox 828 3113 999 3185; x_wconf 86' lang='lat' dir='ltr'>quaternas</span> <span class='ocrx_word' id='word_1_219' title='bbox 1022 3106 1105 3168; x_wconf 90' lang='lat' dir='ltr'>aedes</span> <span class='ocrx_word' id='word_1_220' title='bbox 1128 3126 1253 3168; x_wconf 85' lang='lat' dir='ltr'>sumere</span> <span class='ocrx_word' id='word_1_221' title='bbox 1277 3107 1359 3177; x_wconf 86' lang='lat' dir='ltr'>nolo,</span> 
     </span>
     <span class='ocr_line' id='line_1_27' title="bbox 291 3213 1361 3294; baseline -0.002 -18"><span class='ocrx_word' id='word_1_222' title='bbox 291 3216 416 3277; x_wconf 84' lang='lat' dir='ltr'>etiamsi</span> <span class='ocrx_word' id='word_1_223' title='bbox 451 3216 532 3276; x_wconf 89' lang='lat' dir='ltr'>nihil</span> <span class='ocrx_word' id='word_1_224' title='bbox 566 3232 694 3294; x_wconf 89' lang='lat' dir='ltr'>prorsus</span> <span class='ocrx_word' id='word_1_225' title='bbox 730 3213 844 3275; x_wconf 85' lang='lat' dir='ltr'>obstat.</span> <span class='ocrx_word' id='word_1_226' title='bbox 881 3214 907 3274; x_wconf 91' lang='lat' dir='ltr'>si</span> <span class='ocrx_word' id='word_1_227' title='bbox 936 3214 1115 3275; x_wconf 86' lang='lat' dir='ltr'>Lamachus</span> <span class='ocrx_word' id='word_1_228' title='bbox 1138 3220 1170 3274; x_wconf 91' lang='lat' dir='ltr'>et</span> <span class='ocrx_word' id='word_1_229' title='bbox 1192 3213 1361 3293; x_wconf 79' lang='lat' dir='ltr'>Euripides</span> 
     </span>
     <span class='ocr_line' id='line_1_28' title="bbox 291 3320 1361 3402; baseline -0.003 -19"><span class='ocrx_word' id='word_1_230' title='bbox 291 3324 343 3383; x_wconf 91' lang='lat' dir='ltr'>uel</span> <span class='ocrx_word' id='word_1_231' title='bbox 359 3323 558 3402; x_wconf 83' lang='lat' dir='ltr'>Dicaeopolis,</span> <span class='ocrx_word' id='word_1_232' title='bbox 572 3340 645 3383; x_wconf 91' lang='lat' dir='ltr'>cum</span> <span class='ocrx_word' id='word_1_233' title='bbox 658 3322 723 3381; x_wconf 90' lang='lat' dir='ltr'>ruri</span> <span class='ocrx_word' id='word_1_234' title='bbox 736 3327 793 3393; x_wconf 90' lang='lat' dir='ltr'>est,</span> <span class='ocrx_word' id='word_1_235' title='bbox 807 3320 933 3382; x_wconf 86' lang='lat' dir='ltr'>easdem</span> <span class='ocrx_word' id='word_1_236' title='bbox 947 3320 1030 3381; x_wconf 86' lang='lat' dir='ltr'>cedes</span> <span class='ocrx_word' id='word_1_237' title='bbox 1044 3321 1172 3394; x_wconf 87' lang='lat' dir='ltr'>habent,</span> <span class='ocrx_word' id='word_1_238' title='bbox 1187 3320 1246 3381; x_wconf 93' lang='lat' dir='ltr'>hoc</span> <span class='ocrx_word' id='word_1_239' title='bbox 1259 3338 1361 3398; x_wconf 89' lang='lat' dir='ltr'>neque</span> 
     </span>
    </p>
   </div>
   <div class='ocr_carea' id='block_1_3' title="bbox 291 3548 1362 4155">
    <p class='ocr_par' dir='ltr' id='par_1_3' title="bbox 291 3548 1362 4155">
     <span class='ocr_line' id='line_1_29' title="bbox 401 3548 1361 3615; baseline -0.004 -11"><span class='ocrx_word' id='word_1_240' title='bbox 401 3550 419 3615; x_wconf 79' lang='lat'>¹)</span> <span class='ocrx_word' id='word_1_241' title='bbox 437 3552 471 3604; x_wconf 91' lang='lat' dir='ltr'>In</span> <span class='ocrx_word' id='word_1_242' title='bbox 490 3566 520 3603; x_wconf 90' lang='lat' dir='ltr'>re</span> <span class='ocrx_word' id='word_1_243' title='bbox 540 3551 676 3604; x_wconf 84' lang='lat' dir='ltr'>uniuersa</span> <span class='ocrx_word' id='word_1_244' title='bbox 694 3549 830 3602; x_wconf 89' lang='lat' dir='ltr'>Robertio</span> <span class='ocrx_word' id='word_1_245' title='bbox 849 3549 947 3602; x_wconf 90' lang='lat' dir='ltr'>Herm.</span> <span class='ocrx_word' id='word_1_246' title='bbox 966 3550 1070 3602; x_wconf 87' lang='lat' dir='ltr'>XXXI</span> <span class='ocrx_word' id='word_1_247' title='bbox 1088 3549 1139 3602; x_wconf 75' lang='grc'>551</span> <span class='ocrx_word' id='word_1_248' title='bbox 1159 3564 1193 3615; x_wconf 88' lang='lat' dir='ltr'>sq</span> <span class='ocrx_word' id='word_1_249' title='bbox 1212 3548 1361 3601; x_wconf 86' lang='lat' dir='ltr'>assentior.</span> 
     </span>
     <span class='ocr_line' id='line_1_30' title="bbox 291 3636 1361 3708; baseline -0.006 -14"><span class='ocrx_word' id='word_1_250' title='bbox 291 3658 358 3694; x_wconf 89' lang='lat' dir='ltr'>nam</span> <span class='ocrx_word' id='word_1_251' title='bbox 387 3640 448 3693; x_wconf 91' lang='lat' dir='ltr'>fieri</span> <span class='ocrx_word' id='word_1_252' title='bbox 477 3655 570 3708; x_wconf 90' lang='lat' dir='ltr'>posse,</span> <span class='ocrx_word' id='word_1_253' title='bbox 598 3646 631 3692; x_wconf 89' lang='lat' dir='ltr'>ut</span> <span class='ocrx_word' id='word_1_254' title='bbox 658 3639 784 3706; x_wconf 79' lang='lat' dir='ltr'>spatium</span> <span class='ocrx_word' id='word_1_255' title='bbox 812 3639 957 3691; x_wconf 86' lang='lat' dir='ltr'>sufficiens</span> <span class='ocrx_word' id='word_1_256' title='bbox 983 3639 1014 3691; x_wconf 92' lang='lat' dir='ltr'>in</span> <span class='ocrx_word' id='word_1_257' title='bbox 1032 3643 1108 3692; x_wconf 87' lang='lat' dir='ltr'>tecto</span> <span class='ocrx_word' id='word_1_258' title='bbox 1127 3638 1231 3690; x_wconf 85' lang='lat' dir='ltr'>aedium</span> <span class='ocrx_word' id='word_1_259' title='bbox 1251 3636 1361 3704; x_wconf 65' lang='lat' dir='ltr'>lrygaei</span> 
     </span>
     <span class='ocr_line' id='line_1_31' title="bbox 291 3727 1362 3796; baseline -0.007 -12"><span class='ocrx_word' id='word_1_260' title='bbox 291 3732 380 3784; x_wconf 79' lang='lat' dir='ltr'>luerit</span> <span class='ocrx_word' id='word_1_261' title='bbox 399 3760 431 3767; x_wconf 92' lang='lat'>-</span> <span class='ocrx_word' id='word_1_262' title='bbox 452 3730 475 3782; x_wconf 88' lang='lat' dir='ltr'>si</span> <span class='ocrx_word' id='word_1_263' title='bbox 496 3745 583 3796; x_wconf 85' lang='lat' dir='ltr'>supra</span> <span class='ocrx_word' id='word_1_264' title='bbox 602 3745 650 3782; x_wconf 89' lang='lat' dir='ltr'>eas</span> <span class='ocrx_word' id='word_1_265' title='bbox 669 3729 747 3781; x_wconf 92' lang='lat' dir='ltr'>Iouis</span> <span class='ocrx_word' id='word_1_266' title='bbox 766 3728 884 3781; x_wconf 89' lang='lat' dir='ltr'>domum</span> <span class='ocrx_word' id='word_1_267' title='bbox 904 3728 1077 3781; x_wconf 85' lang='lat' dir='ltr'>collocamus</span> <span class='ocrx_word' id='word_1_268' title='bbox 1096 3756 1138 3794; x_wconf 92' lang='lat'>—,</span> <span class='ocrx_word' id='word_1_269' title='bbox 1158 3732 1190 3779; x_wconf 92' lang='lat' dir='ltr'>ut</span> <span class='ocrx_word' id='word_1_270' title='bbox 1208 3727 1255 3780; x_wconf 88' lang='lat' dir='ltr'>hic</span> <span class='ocrx_word' id='word_1_271' title='bbox 1267 3741 1362 3779; x_wconf 86' lang='lat' dir='ltr'>scaena</span> 
     </span>
     <span class='ocr_line' id='line_1_32' title="bbox 291 3816 1361 3886; baseline -0.007 -12"><span class='ocrx_word' id='word_1_272' title='bbox 291 3821 341 3875; x_wconf 85' lang='lat' dir='ltr'>illa</span> <span class='ocrx_word' id='word_1_273' title='bbox 368 3823 508 3886; x_wconf 81' lang='lat' dir='ltr'>ageretur,</span> <span class='ocrx_word' id='word_1_274' title='bbox 527 3818 557 3869; x_wconf 91' lang='lat' dir='ltr'>in</span> <span class='ocrx_word' id='word_1_275' title='bbox 576 3833 686 3883; x_wconf 76' lang='lat' dir='ltr'>quaer</span> <span class='ocrx_word' id='word_1_276' title='bbox 706 3822 787 3870; x_wconf 89' lang='lat' dir='ltr'>antro</span> <span class='ocrx_word' id='word_1_277' title='bbox 807 3818 926 3869; x_wconf 91' lang='lat' dir='ltr'>chorum</span> <span class='ocrx_word' id='word_1_278' title='bbox 946 3822 975 3869; x_wconf 90' lang='lat' dir='ltr'>et</span> <span class='ocrx_word' id='word_1_279' title='bbox 994 3816 1209 3881; x_wconf 84' lang='lat' dir='ltr'>Megarensibus</span> <span class='ocrx_word' id='word_1_280' title='bbox 1228 3820 1258 3868; x_wconf 90' lang='lat' dir='ltr'>et</span> <span class='ocrx_word' id='word_1_281' title='bbox 1276 3816 1361 3867; x_wconf 81' lang='lat' dir='ltr'>Athe</span> 
     </span>
     <span class='ocr_line' id='line_1_33' title="bbox 291 3905 1361 3972; baseline -0.007 -10"><span class='ocrx_word' id='word_1_282' title='bbox 291 3909 442 3963; x_wconf 90' lang='lat' dir='ltr'>niensibus</span> <span class='ocrx_word' id='word_1_283' title='bbox 470 3907 674 3960; x_wconf 87' lang='lat' dir='ltr'>adiuuantibus</span> <span class='ocrx_word' id='word_1_284' title='bbox 702 3908 762 3958; x_wconf 83' lang='lat' dir='ltr'>Pax</span> <span class='ocrx_word' id='word_1_285' title='bbox 792 3907 975 3972; x_wconf 85' lang='lat' dir='ltr'>protrahitur,</span> <span class='ocrx_word' id='word_1_286' title='bbox 1004 3905 1076 3957; x_wconf 91' lang='lat' dir='ltr'>mihi</span> <span class='ocrx_word' id='word_1_287' title='bbox 1104 3905 1275 3971; x_wconf 86' lang='lat' dir='ltr'>persuadere</span> <span class='ocrx_word' id='word_1_288' title='bbox 1303 3919 1361 3955; x_wconf 91' lang='lat' dir='ltr'>non</span> 
     </span>
     <span class='ocr_line' id='line_1_34' title="bbox 291 3993 1361 4068; baseline -0.008 -16"><span class='ocrx_word' id='word_1_289' title='bbox 291 4017 418 4068; x_wconf 90' lang='lat' dir='ltr'>possum.</span> <span class='ocrx_word' id='word_1_290' title='bbox 451 4002 564 4050; x_wconf 87' lang='lat' dir='ltr'>antrum</span> <span class='ocrx_word' id='word_1_291' title='bbox 584 3997 613 4048; x_wconf 91' lang='lat' dir='ltr'>in</span> <span class='ocrx_word' id='word_1_292' title='bbox 633 3997 779 4049; x_wconf 87' lang='lat' dir='ltr'>orchestra</span> <span class='ocrx_word' id='word_1_293' title='bbox 797 3995 862 4061; x_wconf 80' lang='lat' dir='ltr'>fuit,</span> <span class='ocrx_word' id='word_1_294' title='bbox 882 3996 1055 4059; x_wconf 89' lang='lat' dir='ltr'>ubicumque</span> <span class='ocrx_word' id='word_1_295' title='bbox 1074 3994 1176 4046; x_wconf 88' lang='lat' dir='ltr'>domus</span> <span class='ocrx_word' id='word_1_296' title='bbox 1195 3993 1273 4045; x_wconf 92' lang='lat' dir='ltr'>Iouis</span> <span class='ocrx_word' id='word_1_297' title='bbox 1292 3996 1361 4055; x_wconf 87' lang='lat' dir='ltr'>erat,</span> 
     </span>
     <span class='ocr_line' id='line_1_35' title="bbox 291 4084 1014 4155; baseline -0.008 -14"><span class='ocrx_word' id='word_1_298' title='bbox 291 4094 324 4141; x_wconf 90' lang='lat' dir='ltr'>ut</span> <span class='ocrx_word' id='word_1_299' title='bbox 343 4090 489 4142; x_wconf 87' lang='lat' dir='ltr'>orchestra</span> <span class='ocrx_word' id='word_1_300' title='bbox 508 4086 592 4138; x_wconf 92' lang='lat' dir='ltr'>modo</span> <span class='ocrx_word' id='word_1_301' title='bbox 612 4086 711 4155; x_wconf 82' lang='lat' dir='ltr'>caelum</span> <span class='ocrx_word' id='word_1_302' title='bbox 732 4084 817 4136; x_wconf 91' lang='lat' dir='ltr'>modo</span> <span class='ocrx_word' id='word_1_303' title='bbox 836 4089 911 4136; x_wconf 87' lang='lat' dir='ltr'>terra</span> <span class='ocrx_word' id='word_1_304' title='bbox 930 4088 1014 4136; x_wconf 86' lang='lat' dir='ltr'>esset.</span> 
     </span>
    </p>
   </div>
   <div class='ocr_carea' id='block_1_4' title="bbox 0 0 1618 5034">
    <p class='ocr_par' dir='ltr' id='par_1_4' title="bbox 0 0 1618 5034">
     <span class='ocr_line' id='line_1_36' title="bbox 0 0 1618 5034; baseline 0 0"><span class='ocrx_word' id='word_1_305' title='bbox 0 0 1618 5034; x_wconf 95' lang='lat' dir='ltr'> </span> 
     </span>
    </p>
   </div>
  </div>
 </body>
</html>
