3225 5034
698 362 849 421 ..3-

236 547 362 618 gruunt,
398 542 417 600 i.
455 560 481 602 e.
518 539 601 618 quod
638 560 656 600 a
688 559 761 600 uero
786 548 937 618 ternpore,
963 541 1048 617 qnod
1073 543 1149 600 lune
1172 541 1302 613 indicat,

237 647 471 708 at‘iorrauerunt.
512 648 551 707 cf.
577 647 672 707 ctirun
697 648 860 706 oraculum
886 647 1014 707 tertium
1040 648 1071 707 in
1090 648 1231 707 Midisna
1247 648 1305 707 De-

237 755 412 814 mosthenis
448 755 467 831 §
494 753 535 813 53
560 747 603 812 ὅτι
628 752 682 820 τὰς
705 747 787 832 ὧρας
812 756 1014 831 sepertinere
1039 761 1092 835 cqc
1116 754 1228 821 θυσίας
1251 754 1304 812 καὶ

238 868 291 940 τῆς
326 860 468 938 θεωρίας.
516 861 618 939 priore
646 861 777 938 quidem
802 867 903 934 aetate,
928 867 1048 939 quanto
1072 861 1176 921 minor
1200 881 1304 920 rerum

238 968 375 1045 cognitio
410 975 484 1027 erat.
521 974 610 1028 tanto
645 968 749 1027 maius
776 967 943 1027 arbitrium
968 968 1164 1046 maioresque
1189 987 1305 1028 errores

239 1076 336 1135 fuisse
371 1082 510 1153 apparet.
565 1095 662 1152 quare
696 1075 856 1135 Hesiodus
892 1075 1063 1153 prudenter
1097 1075 1241 1152 agricolis
1275 1080 1306 1135 et

240 1181 345 1241 nautis
373 1182 481 1255 suasit,
507 1190 543 1241 ut
566 1183 671 1242 stelias
696 1189 909 1259 sequerentur.
957 1201 1021 1241 uno
1046 1183 1105 1240 hoc
1129 1183 1197 1241 loco
1221 1202 1306 1241 men·

241 1288 282 1347 sis
308 1289 499 1360 nominatur,
525 1288 609 1365 quod
627 1308 696 1347 earn
714 1288 837 1347 obrem
856 1289 972 1347 mirum
990 1289 1095 1348 uisum
1114 1295 1169 1347 est.
1204 1308 1306 1366 neque

241 1395 458 1454 emendatores
482 1395 607 1455 absunt.
644 1395 802 1454 reiciendo
827 1404 873 1454 cst
897 1396 1077 1454 coniectura
1093 1396 1212 1456 Steitzii
1230 1390 1307 1453 Boo-

241 1503 344 1558 κάτιον
378 1498 446 1558 κάκ’
488 1499 592 1583 ἤματα
626 1499 691 1561 κτλ.
739 1522 801 1562 non
839 1503 878 1562 iis
902 1502 940 1561 de
965 1503 1077 1573 causis
1103 1522 1181 1580 quas
1206 1502 1307 1578 Bergk

242 1608 313 1668 hist.
361 1609 420 1668 litt.
446 1627 534 1684 green.
561 1609 585 1668 Ι.
611 1628 641 1687 p.
668 1609 731 1669 953
756 1629 829 1668 ann.
855 1610 956 1682 affert,
982 1609 1035 1668 sed
1060 1611 1136 1686 quia
1159 1610 1202 1668 rei
1220 1609 1308 1668 mirsc

242 1735 303 1774 non
329 1734 365 1774 eo
390 1714 543 1784 medetur,
572 1715 656 1792 quod
682 1735 738 1794 pro
761 1716 865 1776 ionico
890 1716 1007 1775 mensis
1032 1716 1192 1776 boeoticns
1216 1716 1307 1775 inier-

242 1829 305 1893 tur3
343 1822 460 1881 mirum
496 1830 602 1882 eutem
638 1823 669 1881 id
707 1830 762 1891 est,
793 1823 877 1900 qnod
903 1824 1007 1882 ntends
1030 1822 1209 1896 adhibetur,
1234 1842 1308 1883 curn

242 1929 310 1987 eliis
347 1929 421 1989 locis
453 1948 578 2007 semper
600 1931 706 1990 stellas
730 1934 823 2007 potita
848 1930 993 2007 respiciet
1010 1925 1039 2009 ¹).
1088 1930 1309 1989 uehementius

242 2036 293 2094 alii
319 2043 457 2112 egerunt.
484 2055 618 2114 quorum
645 2038 767 2115 primus
784 2037 938 2108 Twesten,
956 2056 1071 2096 comm.
1090 2037 1156 2096 crit.
1176 2037 1214 2095 de
1231 2036 1306 2095 Hes.

242 2162 291 2220 op.
318 2149 348 2200 et
372 2143 402 2202 d.
428 2163 458 2220 p.
484 2144 547 2203 462
566 2163 693 2203 uersum
711 2145 810 2203 eiecit.
849 2152 947 2203 totam
967 2146 1047 2202 hanc
1065 2144 1308 2221 descriptionem

242 2250 357 2310 hiemis
392 2269 422 2309 u.
461 2250 636 2311 504-560
673 2252 768 2309 iiehrs
798 2252 968 2309 recentiore
993 2258 1134 2329 tempore
1157 2251 1308 2310 insertam

243 2375 309 2416 esse
344 2358 516 2429 contendit,
553 2365 583 2417 et
619 2358 694 2417 Fick
730 2358 805 2417 Hes.
844 2378 938 2419 carm.
976 2378 1005 2435 p.
1038 2344 1309 2417 dementissimi
1341 2415 1345 2424 ,

243 2464 448 2524 dinsceuestae
483 2449 549 2525 csse
585 2465 670 2525 dicit.
720 2466 785 2525 traec
814 2466 946 2542 quaestio
970 2465 1121 2541 ambigua
1144 2473 1227 2523 certo
1251 2464 1312 2524 dis-

244 2572 327 2632 cerni
353 2592 415 2629 non
443 2580 557 2649 potest3
583 2573 635 2633 sed
662 2583 734 2631 utut
758 2581 814 2639 est,
839 2592 856 2629 c
880 2571 984 2630 uerbis
1002 2571 1125 2632 traditis
1141 2572 1201 2630 hoc
1217 2591 1311 2649 appa-

243 2685 303 2739 ret:
340 2678 528 2738 Lenaeonem
565 2681 640 2739 satis
668 2682 799 2756 antiquo
824 2689 965 2755 tempore
990 2680 1151 2755 cognitum
1176 2688 1206 2738 et
1230 2698 1310 2737 corn·

245 2793 456 2845 memoratum
493 2805 558 2846 esse.
595 2797 624 2846 et
659 2788 744 2847 hunc
780 2806 921 2845 mensem
952 2796 1093 2858 nterim,
1119 2786 1312 2862 quihiemis

244 2894 390 2972 proprius
426 2895 475 2967 sit,
513 2894 655 2955 describi.
705 2896 793 2973 plura
819 2895 962 2970 coiligere
988 2914 1049 2952 non
1075 2894 1159 2959 iicet„
1204 2912 1313 2969 quam-

244 3000 354 3060 obrem
390 2987 482 3062 hand
512 3012 593 3064 recte
629 3003 750 3063 Gilbert
784 3023 813 3079 p.
843 3003 881 3060 16
906 3021 973 3078 sqq.
1000 3000 1162 3060 contendit
1188 3010 1313 3077 ternpus

243 3114 365 3168 certum
392 3111 464 3169 unni
492 3111 601 3171 soleris
624 3111 833 3170 constitutum
859 3128 935 3180 esse,
961 3128 976 3165 e
1003 3094 1066 3185 qud
1093 3126 1215 3167 menses
1232 3127 1313 3166 com·

242 3221 442 3294 putarentur,
468 3218 494 3276 si
518 3237 590 3275 cum
615 3216 812 3296 temporibus
837 3216 911 3274 anni
937 3215 1119 3274 conterendi
1144 3233 1191 3275 ess
1201 3222 1257 3281 snt,
1279 3219 1314 3273 ut

244 3323 361 3382 Lenaeo
385 3341 432 3381 ex.
460 3342 484 3381 c.
510 3323 583 3382 inde
608 3344 626 3382 n.
642 3325 775 3383 solstitio
795 3322 926 3381 hiberno
943 3323 1118 3381 duceretur.
1157 3321 1215 3379 hoc
1232 3321 1314 3397 prin·

244 3429 366 3506 cipiurn
406 3436 518 3488 nostres
553 3430 682 3490 rationis
717 3440 772 3499 est,
797 3432 831 3488 in
856 3447 919 3505 qua
944 3447 1066 3488 menses
1091 3429 1206 3487 solares
1230 3437 1313 3487 sunt.

358 3566 376 3617 ¹t
395 3569 543 3630 Quomodo
562 3570 669 3620 mensis
689 3585 791 3620 nornen
808 3584 980 3633 quamquam
995 3568 1119 3619 ionicum
1134 3568 1240 3618 seruari
1255 3583 1315 3632 pos-

244 3657 293 3716 sit,
324 3658 452 3722 pluribus
481 3659 639 3710 rationibus
668 3660 847 3711 Schoemann
876 3673 980 3709 comm.
1002 3656 1061 3707 crit.
1082 3655 1215 3706 editionis
1235 3672 1262 3720 p.
1282 3656 1317 3707 50

246 3747 380 3811 explicat.
413 3749 439 3797 h.
472 3748 488 3798 l.
522 3757 658 3802 mensem,
690 3764 747 3798 non
778 3747 877 3799 stelles
909 3746 944 3797 ad
976 3752 1089 3810 tempus
1121 3744 1316 3796 definiendum

245 3836 385 3887 adhibere
404 3836 515 3900 licebat,
529 3840 604 3904 qnod
618 3854 675 3889 non
688 3837 749 3887 dies
763 3842 866 3899 certus,
880 3836 930 3886 sed
944 3840 1067 3899 tempus,
1082 3850 1146 3885 curn
1161 3834 1253 3884 hiems
1267 3834 1319 3885 ini.

245 3929 388 3995 quissima
416 3935 498 3989 esset,
528 3928 744 3993 significandum
775 3931 843 3976 erat.
888 3924 1071 3988 quamobrem
1092 3929 1158 3987 apte
1177 3925 1317 3974 Lenaeone

245 4035 348 4075 mense
376 4025 460 4085 poeta
488 4018 584 4082 utitur,
613 4017 669 4081 qni,
697 4016 720 4066 si
749 4015 826 4066 idern
851 4020 935 4077 atque
955 4012 1083 4063 Gameiio
1103 4017 1155 4076 est,
1175 4012 1317 4077 praecipue

246 4126 284 4177 ap
304 4126 432 4162 mensem
453 4107 678 4172 frigidissimum,
698 4104 870 4160 Ianuarium.
892 4100 1023 4167 pertinet.
