3225 5034
679 399 856 461 ..73-

233 576 304 639 bom
340 576 453 639 ducere
488 596 580 657 poree
615 577 740 653 dixerit,
775 578 837 641 hoo
870 597 935 639 non
970 579 1071 657 magis
1106 580 1225 643 mirum
1251 586 1300 642 est

230 702 328 762 quam
352 684 396 758 id,
418 684 506 763 quod
530 678 680 765 Tr'ygnun
702 685 735 747 in
759 684 840 747 Pace
860 684 958 747 choro
980 685 1151 765 parabasin
1166 693 1299 751 omento

231 810 252 853 o
272 791 349 853 oaeio
383 791 418 852 in
451 799 569 855 terram
595 790 770 865 descondit,
794 796 832 852 ut
855 792 958 853 multa
980 791 1043 853 alia
1066 800 1189 855 nonam
1212 790 1300 872 (Arn-

231 897 441 977 pbitheumi).
482 898 669 977 Dioaeopolio
701 897 742 958 ad
764 897 954 977 Euripidem
976 898 1037 961 sibi
1062 897 1206 961 eundum
1228 917 1298 962 erse

231 1022 263 1067 u
280 1004 345 1069 394
362 1005 453 1081 dicio
481 1024 515 1066 re
530 1024 605 1067 uero
620 1005 717 1069 choro
732 1011 865 1067 canente
880 1005 916 1079 it,
933 1024 1010 1069 nam
1025 1005 1086 1068 hoo
1101 1005 1211 1069 dioenr
1225 1014 1300 1069 unte

231 1118 338 1191 portae
366 1117 444 1184 stan
480 1130 511 1177 u.
537 1112 601 1174 995
625 1112 708 1174 iores
730 1113 847 1191 punt.
892 1111 1006 1174 eodem
1030 1112 1127 1175 modo
1150 1112 1300 1191 Trygaeus

232 1218 298 1281 Par
331 1238 362 1279 u.
400 1218 474 1293 725,
509 1218 670 1298 quomodo
704 1218 887 1292 descendat,
918 1219 1033 1298 qnoerit
1067 1225 1100 1279 et
1121 1238 1153 1281 n.
1178 1219 1243 1281 819
1264 1237 1300 1281 se

231 1323 431 1387 despondisse
465 1325 630 1402 significat.
678 1324 793 1387 deinde
829 1326 1076 1405 Dioaeopoiidem
1110 1344 1164 1389 rus
1187 1325 1299 1400 redire,

232 1437 269 1495 ut
302 1431 348 1493 ibi
381 1450 415 1494 se
449 1437 481 1493 ot
514 1451 626 1513 pacem
660 1440 771 1495 eontra
795 1432 1013 1495 Acharnenses
1039 1432 1202 1505 defendat,
1227 1452 1244 1493 e
1267 1451 1298 1493 u.

233 1537 298 1599 480
333 1558 392 1618 sqq
418 1547 559 1618 apparet,
584 1539 744 1618 imprimis
766 1558 798 1599 u.
824 1539 889 1601 486
914 1535 1026 1599 ἄπελθ’
1053 1533 1196 1615 ἐκεῖσε,
1220 1533 1302 1618 κᾷτα

100 1694 103 1705 .
233 1644 284 1727 τὴν
308 1642 445 1729 κιφαλὴν
468 1640 554 1707 ἐκεῖ
576 1646 745 1727 παράσχες.
791 1646 888 1708 ohoro
911 1665 942 1707 n.
968 1645 1143 1709 490-495
1167 1652 1302 1708 canente

232 1751 323 1815 redit.
359 1751 474 1813 satisfit
488 1771 561 1831 orgo
577 1753 647 1831 logi,
664 1771 762 1831 quam
779 1753 903 1817 Gilbort
918 1773 949 1832 p.
968 1752 1010 1815 50
1026 1753 1147 1815 statuit:
1169 1751 1301 1813 ‹nobnld

232 1858 284 1921 oin
319 1858 498 1920 wirkliohor
530 1858 736 1923 Zoitabscbitt
768 1859 893 1920 eintritt
924 1892 966 1903 -·
991 1892 1034 1904 -
1057 1858 1134 1921 wird
1159 1857 1301 1921 derselbo

233 1965 335 2027 durch
353 1965 405 2026 die
427 1965 582 2029 Parrhase
604 1965 681 2027 odor
703 1967 804 2029 durch
828 1967 966 2044 sonstige
990 1966 1098 2027 Worto
1120 1966 1178 2028 des
1201 1966 1301 2027 Chore

233 2072 359 2146 erklort,
394 2073 594 2150 ausgofiillt.»
646 2073 827 2135 Lamachus
860 2091 892 2133 n.
929 2072 992 2134 572
1028 2071 1203 2135 adueniens
1236 2091 1303 2135 non

233 2178 348 2241 obstat.
388 2199 463 2241 nam
491 2199 565 2241 eum
589 2180 631 2241 ab
654 2179 777 2242 aedibus
800 2188 969 2241 euocatum
993 2179 1103 2243 adesse
1127 2199 1191 2240 non
1215 2178 1302 2241 audi·

234 2304 322 2357 mum
347 2305 422 2348 casn
445 2285 586 2361 aduenit,
612 2293 648 2349 ut
669 2286 815 2347 hodierni
839 2306 966 2365 quoque
990 2287 1105 2348 comici
1127 2305 1211 2365 saepe
1234 2287 1303 2347 sine

233 2393 300 2453 ulia
333 2393 454 2455 ratione
488 2411 638 2472 personas
671 2393 840 2466 inducunt,
864 2413 939 2455 cum
966 2394 1084 2455 fabulae
1106 2400 1220 2472 aptum
1244 2398 1300 2454 est.

234 2498 289 2563 sed
313 2518 345 2560 re
364 2519 439 2565 uera
457 2500 545 2563 loeus
561 2500 766 2580 Aristophani
783 2520 848 2561 non
864 2506 962 2562 tantae
977 2519 1061 2563 ourae
1076 2506 1152 2574 erat,
1174 2505 1303 2578 quantae

234 2606 350 2667 criticis
373 2606 498 2669 nostris.
538 2606 596 2671 ubi
618 2607 686 2669 haeo
709 2613 854 2685 agantur,
878 2607 960 2668 nihil
982 2607 1024 2667 nd
1048 2626 1115 2668 rem
1131 2613 1188 2679 eet,
1205 2625 1303 2685 quare
1393 2625 1402 2637 ·

234 2712 330 2775 etiam
365 2714 472 2775 locum
506 2733 571 2775 non
605 2714 806 2792 significauit,
842 2721 875 2775 et
900 2714 1016 2776 rectius
1039 2714 1108 2775 loeo
1131 2713 1303 2791 nescioquo

234 2818 295 2883 hoo
318 2820 369 2899 agi
391 2820 537 2882 dicimus.
577 2820 663 2883 dicat
686 2825 793 2883 autem
817 2821 934 2899 aliquis
957 2840 1013 2899 por
1035 2826 1136 2881 totam
1158 2818 1303 2881 fabulam

234 2926 367 2988 chorum
402 2927 512 2989 adesso
535 2933 567 2991 et
589 2947 626 2989 ea
649 2927 689 2989 de
711 2946 808 2990 causa
830 2929 938 2991 locum
960 2945 1063 2989 unum
1086 2945 1154 2989 osse
1176 2944 1304 2987 necesse

234 3051 312 3105 esse,
336 3034 397 3095 nisi
420 3035 527 3097 locum
555 3034 672 3096 mutari
694 3054 732 3097 oo
754 3034 1047 3114 significetur,qnod
1072 3034 1188 3095 chorus
1210 3033 1304 3093 abeat

235 3146 272 3201 ut
304 3140 338 3200 in
374 3140 607 3204 Eumenidibuo
640 3147 672 3202 et
705 3142 811 3205 Aiane.
859 3140 974 3220 quodsi
1003 3141 1038 3201 in
1061 3140 1112 3202 his
1135 3139 1304 3217 tragoediis

235 3246 281 3308 ita
303 3254 360 3321 est,
391 3252 484 3326 podia
506 3248 647 3311 comicus
669 3249 766 3313 choro
789 3256 939 3310 manento
961 3248 1068 3309 locum
1092 3252 1216 3309 mutare
1238 3265 1305 3309 non

236 3353 363 3415 dubitat
396 3355 441 3431 (oi
474 3375 505 3434 p.
544 3355 585 3417 69
617 3355 676 3434 oq).
700 3355 735 3417 in
757 3355 837 3419 Pace
860 3360 999 3427 antrum,
1024 3354 1057 3415 in
1081 3372 1146 3432 quo
1168 3352 1236 3413 Pax
1258 3352 1305 3414 in·

235 3460 324 3524 elusa
346 3467 402 3534 est,
427 3462 523 3540 paulo
546 3461 631 3523 infra
653 3461 787 3523 domum
811 3461 898 3523 Ionis
921 3467 969 3523 ost
991 3456 1033 3534 (u.
1057 3460 1142 3537 224),
1159 3459 1200 3520 ad
1217 3458 1304 3537 quod

236 3567 351 3629 chorus
384 3568 542 3630 conuenit.
578 3587 609 3629 u.
647 3568 711 3631 720
745 3568 895 3647 Trygaeus
929 3567 1094 3631 descendit
1127 3567 1160 3626 in
1187 3572 1305 3628 terram

236 3673 332 3734 ohoro
367 3693 441 3736 eum
475 3676 597 3739 saluere
631 3675 770 3748 iubente,
805 3681 838 3737 ot
871 3674 1019 3755 parabasi
1053 3679 1190 3747 cantata,
1221 3679 1305 3752 poso

236 3798 335 3859 quam
369 3781 504 3845 domum
538 3782 627 3844 uenit
661 3788 693 3842 et
726 3800 800 3842 curn
835 3801 927 3843 seruo
961 3800 1064 3861 pauca
1098 3780 1197 3843 uerba
1218 3780 1304 3853 feeit,

237 3906 312 3948 cum
346 3907 383 3949 eo
416 3889 504 3968 loqui
538 3888 652 3970 incipit
685 3886 811 3963 chorus,
846 3907 943 3967 quem
974 3889 1092 3950 ecaelo
1115 3885 1305 3948 descendere

237 4013 415 4073 numquam
450 3996 643 4060 audiuimus.
691 3997 724 4057 in
759 3995 932 4075 Equitibus
965 3995 1062 4059 etiam
1098 3994 1205 4055 minus
1237 4012 1304 4052 rem

238 4101 354 4163 celauit
386 4106 488 4181 podia.
534 4123 554 4164 a
576 4122 608 4165 ιι.
634 4103 696 4167 691
722 4103 798 4167 Cleo
821 4121 894 4164 oum
918 4101 1100 4165 aduersario
1123 4105 1198 4163 anto
1221 4098 1305 4163 odor
