3225 5034
664 390 865 450 -107-

230 566 350 642 templo
384 584 505 632 conexa
540 565 589 626 sit.
637 585 734 643 quare
768 566 837 628 hae
865 585 992 646 quoque
1027 568 1130 644 glossa
1162 568 1203 632 ad
1218 562 1299 628 ¹Cro·

230 671 360 734 oonidas
393 677 427 732 et
453 671 655 743 Coeronidas,
680 672 735 750 qui
759 691 847 742 saera
870 673 903 734 in
927 675 1048 752 templo
1071 674 1210 736 Theoeni
1234 694 1300 754 per·

231 779 380 847 finiebant
408 778 578 856 huiusque*
602 778 651 840 dei
688 778 864 848 sacerdotes
886 785 987 856 erant,
1012 780 1175 848 referenda
1199 787 1246 844 est
1269 790 1300 844 et

230 885 420 950 sententiam
445 884 624 963 expositam
648 886 825 956 confirmat.
839 880 860 967 1)

338 992 480 1070 Denique
523 992 728 1058 iurisiurandi
758 1012 939 1072 gerararum
979 994 1065 1073 apud
1106 992 1299 1072 [Demosthe-

230 1097 314 1177 nem]
339 1099 410 1162 adr.
436 1099 535 1159 Neaer.
563 1098 603 1159 78
618 1119 694 1177 =p
721 1098 803 1160 1371
830 1097 1040 1178 (LXXXVII)
1056 1102 1136 1164 ratio
1152 1101 1300 1168 habenda

229 1213 286 1270 ast.
334 1206 420 1289 quod
444 1226 463 1266 a
485 1206 607 1283 glossis,
632 1206 665 1265 in
689 1206 807 1284 quibus
830 1206 870 1268 de
894 1207 1062 1270 Theoeniis
1083 1208 1196 1285 agitur,
1213 1227 1300 1288 sepa-

230 1314 366 1376 randum
403 1332 467 1374 non
503 1322 558 1378 est,
595 1321 631 1372 ut
654 1314 825 1380 uoluerunt
850 1314 974 1378 Boeolrh
1004 1335 1034 1393 p.
1064 1315 1125 1376 100
1149 1335 1175 1374 a.
1203 1314 1244 1375 89
1269 1321 1300 1380 et

230 1420 390 1482 Fritzsche
427 1421 524 1480 Mant.
551 1421 570 1479 3
595 1439 662 1497 sqq.
710 1427 746 1480 ut
770 1419 916 1499 Toepffer
941 1426 1004 1482 Att.
1031 1422 1110 1483 Gen.
1126 1422 1199 1503 ‚105
1224 1441 1297 1490 ann.
1340 1401 1343 1412 ¹

230 1527 250 1586 3
285 1527 366 1586 mihi
396 1545 584 1605 persuasum
608 1526 709 1588 habeo
733 1527 901 1588 lectionem
927 1526 1045 1588 θεοίνια
1069 1529 1299 1607 praeferendam

229 1652 307 1706 esse,
331 1652 348 1692 e
372 1652 436 1710 qua
459 1634 522 1696 leui
547 1653 648 1693 errore
672 1628 852 1696 ΘΕΟΓΝΙΑ
874 1635 1067 1696 factumest.
1108 1636 1167 1695 hoo
1191 1643 1298 1698 tamen
1368 1703 1371 1708 ,

229 1740 372 1818 plerique
396 1738 533 1818 probant
556 1737 680 1820 (praeter
703 1760 766 1813 eos,
791 1760 871 1819 quos
895 1743 997 1814 attuli
1024 1743 1148 1803 Gilbert
1165 1764 1194 1820 p.
1216 1739 1297 1822 161).

229 1865 353 1924 geraras
388 1867 428 1906 ex
462 1848 512 1907 his
548 1847 673 1910 duobus
708 1847 855 1925 gentibus
890 1849 1041 1912 oriundas
1076 1868 1142 1912 esse
1175 1867 1299 1910 neeesse

230 1953 328 2014 fuisse
356 1973 469 2031 parum
502 1955 674 2014 uerisimile
701 1962 758 2027 est,
783 1974 980 2033 quamquam
1006 1956 1091 2018 hune
1115 1956 1213 2018 ritum
1239 1957 1299 2016 An·

229 2060 453 2124 thesteriorum
479 2081 496 2120 e
517 2061 613 2140 stirpe
637 2062 795 2139 gentilicia
820 2069 925 2122 ortum
950 2082 1016 2124 esse
1040 2082 1079 2122 ex
1103 2082 1139 2122 eo
1157 2071 1298 2142 apparet,

230 2169 314 2243 quorl
352 2168 458 2246 regina
494 2169 660 2245 primarias
688 2169 751 2246 egit
774 2175 895 2246 partes;
921 2149 1026 2247 potius
1051 2188 1098 2230 res
1123 2170 1167 2229 sio
1190 2171 1301 2232 seha·

230 2272 336 2345 bebat,
362 2281 397 2334 ut
422 2274 470 2338 hae
493 2283 601 2351 gentes
625 2274 792 2335 Theoeniis
817 2275 1022 2353 praesiderent
1046 2283 1082 2337 ut
1099 2275 1300 2354 Eumolpidae

230 2380 390 2457 mysteriis
425 2381 606 2452 Eleusiniis
632 2401 829 2459 gerarasque‚
855 2388 891 2448 ut
915 2402 1045 2442 munere
1070 2383 1159 2459 fungi
1182 2383 1298 2456 liceret,

229 2486 264 2545 in
288 2505 326 2545 ea
348 2487 489 2547 initiatas
514 2506 580 2548 esse
604 2494 770 2565 oporteret.

337 2594 497 2654 Theoenia
532 2594 565 2653 in
601 2594 754 2654 honorem
790 2596 906 2655 Baoohi
942 2596 1006 2655 ruri
1035 2603 1194 2657 anteesse
1219 2596 1298 2656 uidi·

229 2718 312 2769 mus,
338 2720 536 2778 quamquam
567 2720 603 2760 ea
627 2701 721 2760 aliam
748 2708 895 2764 naturam
920 2722 956 2763 ac
981 2703 1130 2780 Dionysia
1155 2702 1298 2779 agrestia,

229 2825 302 2884 quae
327 2826 383 2872 nos
407 2808 533 2885 proprie
557 2809 602 2867 sio
626 2808 773 2878 dicimus,
799 2808 915 2870 habere
939 2810 1004 2874 iam
1028 2829 1145 2870 nomen
1163 2808 1298 2880 indicat;

230 2933 327 2991 quare
362 2914 395 2973 in
430 2924 582 2992 promptu
606 2925 652 2974 est
677 2933 825 2991 quarere,
850 2934 929 2975 num
954 2916 1047 2993 plura
1070 2916 1223 2993 Dionysia
1247 2936 1300 2982 no·

229 3019 279 3081 bis
303 3022 428 3097 cognita
444 3022 518 3094 sint,
536 3040 607 3098 quae
624 3040 726 3099 neque
742 3021 916 3082 Posideone
933 3041 1041 3083 mense
1057 3022 1233 3101 agebantur
1249 3042 1299 3082 ne·

229 3147 292 3204 que
316 3128 355 3186 ad
380 3128 609 3188 fecunditatem
626 3128 822 3206 spectabant.
860 3129 1011 3207 Dionysia
1027 3131 1092 3189 ruri
1110 3149 1174 3189 non
1187 3129 1299 3192 eodem

229 3234 282 3294 die
303 3246 358 3294 aut
374 3243 516 3312 tempore
540 3235 697 3294 celebrata
719 3254 786 3295 esse
811 3256 827 3294 e
852 3237 919 3295 loeo
943 3235 1083 3296 Platonis
1107 3237 1146 3296 de
1170 3256 1233 3315 rep.
1261 3237 1298 3309 V,

233 3341 272 3402 19
308 3341 425 3420 (XXX)
460 3349 600 3420 apparet,
637 3361 733 3419 quam
771 3362 837 3401 rem
873 3343 917 3402 ita
946 3362 978 3402 se
1002 3343 1150 3403 hahuisse
1175 3361 1300 3406 necesse

229 3454 286 3517 est,
323 3447 349 3506 si
385 3447 516 3524 quidem
541 3448 665 3509 fabulas
689 3449 826 3509 demotae
851 3456 991 3527 spectare
1015 3449 1174 3510 nolebant.
1223 3469 1299 3509 nam

229 3573 336 3630 greges
360 3554 552 3613 histrionum
578 3556 665 3626 tales,
691 3557 800 3633 quales
821 3555 914 3616 nobis
931 3565 997 3615 tam
1014 3558 1162 3633 praeolare
1178 3556 1299 3616 AEsohi·

229 3678 303 3720 nem
340 3660 474 3721 irridens
509 3662 738 3726 Demosthenes
773 3668 847 3722 ante
882 3664 990 3724 oculos
1025 3664 1132 3741 posuit
1163 3661 1297 3741 (decor.

339 3833 357 3900 ¹)
384 3837 503 3887 Lemma
530 3836 632 3900 glossae
661 3837 760 3902 primae
779 3838 873 3890 allatae
894 3838 1129 3903 Harpocrationis
1149 3844 1178 3892 et
1198 3838 1299 3903 suida,

230 3921 348 3974 θεοίνιον
376 3941 440 3977 esse
470 3926 628 3977 notandum
657 3932 710 3991 est,
739 3927 815 3991 quod
843 3933 874 3979 ut
893 3927 976 3993 lapsu
1000 3927 1100 3978 calami
1122 3942 1172 3992 pro
1193 3923 1299 3976 Θεοίνια

230 4014 369 4079 scriptum
399 4015 447 4079 sit,
475 4016 537 4066 fieri
566 4021 673 4081 potest;
694 4015 745 4067 sed
764 4017 863 4068 nescio
882 4032 919 4070 an
939 4017 969 4066 in
989 4016 1117 4068 oratione
1137 4015 1173 4066 de
1192 4015 1299 4079 templo

230 4103 318 4154 uerba
339 4104 415 4154 laeta
434 4104 493 4154 sint
512 4110 541 4154 et
560 4104 665 4156 lemma
684 4120 721 4154 ex
740 4105 785 4155 his
805 4120 901 4156 errore
921 4105 1044 4169 quodam
1065 4105 1185 4170 petitum
1206 4102 1251 4154 sit.
