3225 5034
768 364 945 426 „78-

322 548 357 608 in
380 547 450 607 aliis
474 544 576 606 demis
599 549 672 610 aeta
693 562 760 605 esse
776 542 934 615 concedis
960 543 1028 622 ipse
1044 543 1113 604 CIA
1132 545 1164 604 II
1181 545 1256 619 470,
1273 544 1394 623 dequo

323 655 407 715 infra
418 674 449 733 p.
464 652 505 714 83
514 651 619 712 dicam
631 650 672 711 ad
685 650 838 728 Dionysia
850 649 949 710 Pirsea
960 650 1063 710 refert.
1081 669 1156 711 oum
1167 651 1265 729 igitur
1276 652 1393 730 Diony·

327 761 374 822 sia
390 755 524 837 agrestia
543 760 610 832 fere
632 756 743 818 eodem
768 765 910 835 tempore
934 775 998 834 quo
1022 758 1223 820 Anthesteria
1239 766 1310 819 aeta
1324 777 1391 820 esse

323 874 448 928 tantum
485 865 588 926 dicere
622 864 733 943 possit,
761 868 852 924 tanto
875 863 994 923 maiore
1018 882 1092 924 oum
1116 865 1227 925 ardore
1250 885 1287 925 ea
1310 865 1394 926 testi·

324 973 433 1034 monia
459 972 613 1045 defendit,
637 989 654 1031 e
678 969 795 1048 quibus
820 969 904 1030 eifioi
926 975 1019 1048 putat
1042 971 1123 1032 festa
1146 971 1281 1032 eundem
1305 972 1395 1050 origi-

324 1100 399 1141 nem
434 1088 465 1140 et
488 1085 636 1139 naturam
660 1076 786 1150 habere,
815 1082 907 1137 utre
931 1096 1006 1137 uera
1030 1097 1132 1137 unum
1155 1086 1187 1139 et
1209 1078 1296 1139 idem
1320 1080 1394 1140 sint.

323 1189 406 1248 inter
429 1186 497 1247 haee
519 1186 581 1246 tria
604 1189 687 1257 sunt,
713 1203 785 1262 quae
809 1183 921 1243 Lenaea
946 1203 1020 1244 cum
1042 1185 1204 1263 Dionysiis
1219 1186 1395 1265 agrestibus

325 1293 513 1371 coniungere
549 1297 711 1369 putantur,
748 1309 820 1369 quae
855 1295 964 1351 eontra
999 1291 1197 1352 Boeokhium
1232 1298 1340 1353 tuetur
1362 1312 1394 1371 p.

327 1400 391 1461 110
414 1418 486 1478 sqq.v
522 1403 598 1459 sunt
620 1397 729 1475 Stepb.
755 1398 828 1475 Byz.
854 1416 878 1457 s.
902 1416 934 1457 u.
952 1394 1088 1479 Λήναιος
1104 1395 1213 1479 (XLV)
1230 1409 1261 1461 et
1276 1400 1398 1461 scholia
1589 1415 1590 1474 ᾗ

325 1506 367 1567 ad
401 1508 454 1566 Ar.
492 1505 569 1565 Aeh.
606 1504 669 1564 504
706 1499 837 1585 (XLIII)
872 1511 903 1564 et
939 1501 1002 1565 202
1031 1500 1166 1587 (XLIV).
1215 1506 1397 1585 Stephanus
1492 1566 1494 1570 ,
1589 1551 1590 1556 1

326 1613 512 1680 auctoritate
547 1610 732 1690 Apollodori
765 1611 888 1683 nititur,
913 1611 967 1671 sed
991 1613 1184 1689 glossatum
1208 1612 1342 1674 obseura
1366 1619 1397 1674 et
1589 1609 1590 1616 '

326 1725 416 1781 tanta
439 1718 693 1797 neglegentiam
716 1718 845 1778 breuius
869 1717 997 1779 redacta
1019 1726 1076 1792 est,
1100 1727 1138 1780 ut
1154 1739 1218 1779 000
1234 1725 1396 1798 appareat,

327 1845 399 1905 quae
422 1824 538 1886 dixerit
561 1824 787 1903 Apollodorus;
813 1824 852 1884 de
873 1823 968 1884 demo
983 1825 1038 1885 illo
1055 1826 1169 1887 Lenaeo
1185 1827 1261 1887 sads
1279 1828 1397 1887 mirum

327 1938 383 1995 est.
415 1952 489 1993 oum
514 1931 676 2010 Stephano
700 1932 845 2009 congruit
868 1933 965 1992 schol.
991 1932 1031 1992 ad
1058 1935 1109 1993 Ar.
1136 1933 1214 1994 Ach.
1241 1933 1315 2007 504,
1340 1932 1396 1994 sed

327 2059 368 2101 ex
390 2038 548 2100 ambobus
571 2039 631 2098 hoc
653 2044 780 2099 tantum
804 2038 952 2099 concludi
976 2045 1079 2117 potest
1103 2041 1277 2101 certamina
1292 2040 1398 2101 Lenae-

328 2166 420 2208 orum
455 2145 520 2206 ruri
546 2139 587 2224 (ἐν
611 2139 728 2225 ἀγροῖς)
752 2144 962 2218 habitasses,
987 2145 1106 2206 scilieet
1129 2147 1214 2225 quod
1239 2148 1399 2226 templum

329 2254 479 2314 Lenaeum
514 2252 580 2312 ruri
614 2252 712 2312 situm
747 2257 824 2325 erat,
852 2251 938 2329 quod
962 2251 1077 2314 diserte
1100 2253 1198 2314 tradit
1220 2254 1318 2315 schol.
1344 2254 1397 2315 Ar.

330 2359 407 2421 th.
445 2359 508 2418 202
533 2353 668 2439 Λήναιον
692 2358 749 2436 γάρ
774 2352 852 2416 ἐστιν
877 2352 907 2416 ἐν
932 2352 1036 2437 ἀγροῖς
1059 2352 1138 2438 ἱερὸν
1164 2368 1214 2419 τοῦ
1243 2355 1397 2422 tropeos.

329 2465 385 2527 sed
409 2484 445 2525 eo
468 2464 613 2525 nondum
630 2464 884 2526 demonstratum
901 2473 948 2526 est
964 2465 1077 2526 Lenaea
1098 2474 1129 2525 et
1146 2467 1299 2546 Dionysia
1315 2485 1399 2544 agre·

329 2572 391 2635 stia
424 2571 510 2632 idem
545 2571 662 2632 festum
699 2572 807 2646 fuisse,
844 2578 875 2632 et
907 2572 1092 2651 scriptorem
1116 2574 1227 2651 glossae
1251 2573 1310 2634 hoe
1334 2592 1399 2633 non

330 2679 493 2758 putauisse
527 2697 568 2738 ex
602 2698 638 2739 eo
673 2686 815 2760 apparet,
841 2679 928 2756 quod
952 2679 1066 2740 Lenaea
1089 2679 1129 2740 ad
1154 2685 1275 2741 eertum
1299 2685 1398 2759 temp·

330 2788 409 2861 lum,
434 2786 595 2859 Lenaeum,
620 2786 724 2859 refert,
753 2805 829 2847 cum
853 2786 1006 2864 Dionysia
1029 2787 1163 2863 agrestia
1189 2787 1224 2847 in
1249 2786 1399 2847 omnibus

330 2894 395 2954 fere
430 2891 532 2953 demis
567 2893 654 2952 etin
679 2892 789 2954 multis
812 2893 941 2971 templis
965 2900 1036 2953 acta
1059 2893 1132 2953 sint.
1179 2894 1272 2954 illum
1296 2887 1399 2969 ἀγῶνα

332 2995 476 3058 Διονὸσου
500 2992 531 3057 ἐν
555 2993 669 3076 ἀγροῖς,
694 3005 730 3059 ut
753 3000 929 3060 contrarius
952 3005 1034 3060 esset
1058 2993 1172 3073 ἀγῶνος
1200 2995 1344 3059 diuiduos
1369 2993 1400 3059 ἐν

333 3102 427 3180 ἄστει,
442 3111 658 3166 commentum
684 3123 751 3166 esse
774 3125 865 3184 paene
888 3111 1010 3166 sertum
1033 3106 1160 3167 uidetur
1185 3140 1226 3151 —
1243 3107 1283 3167 oi.
1301 3106 1399 3168 sohol.

332 3213 373 3273 ad
397 3212 475 3273 Ach.
502 3212 566 3272 504
590 3203 623 3271 τὸ
647 3212 701 3291 μὲν
725 3218 840 3290 πρῶτον
864 3206 894 3270 ἐν
919 3208 1002 3271 ἄστει
1027 3247 1070 3255 -
1093 3206 1125 3271 rd
1150 3209 1183 3272 δὲ
1208 3209 1344 3292 δεύτερον
1369 3207 1400 3272 ἐν

334 3314 439 3398 ἀγροῖς
472 3312 488 3379 ὁ
517 3314 566 3378 ἐπὶ
600 3314 727 3398 Ληναίῳ
762 3312 927 3399 λεγόμενος
952 3354 989 3361 -
1015 3321 1191 3398 praesertim
1216 3339 1288 3380 cum
1314 3320 1401 3380 seho-

332 3427 443 3499 liastae,
467 3426 524 3504 qui
549 3426 700 3504 Dionysia
723 3425 857 3504 agrestia
879 3426 977 3486 tuisse
1000 3427 1177 3505 alterosque
1201 3426 1293 3486 ludos
1315 3430 1401 3486 astos

334 3552 401 3594 esse
424 3532 559 3605 audiuit,
585 3532 653 3593 haec
676 3532 871 3593 confundere
886 3533 921 3593 in
936 3539 1088 3611 promptu
1104 3534 1201 3594 fuerit
1217 3530 1266 3613 (of.
1286 3533 1402 3611 Doerp·

334 3640 398 3700 feld
424 3640 497 3700 Ath.
523 3639 628 3701 Mitth.
654 3639 727 3713 XX,
755 3636 838 3720 181).
879 3658 964 3701 nunc
981 3640 1164 3717 diligentius
1181 3640 1402 3700 examinemus

335 3747 492 3808 scholium
515 3746 555 3807 ad
581 3748 633 3807 Ar.
659 3747 727 3807 th
752 3747 827 3820 202,
852 3746 947 3825 quodt
961 3747 1114 3826 Dionysia
1137 3747 1272 3825 agrestia
1289 3747 1403 3807 Lenaea

334 3872 401 3915 esse
425 3853 540 3914 diserte
556 3853 641 3915 dioit.
683 3852 720 3913 τὰ
743 3850 866 3936 Λήναια
889 3851 1040 3933 λεγόμενα
1064 3854 1189 3915 Boeckh
1211 3874 1242 3932 p.
1262 3854 1303 3914 88
1319 3852 1403 3913 uidit

334 3947 472 4039 giossam
507 3966 685 4038 separatam
720 3980 796 4034 esse,
822 3980 893 4038 quae
918 3960 1026 4035 adid,
1051 3960 1137 4038 quod
1161 3960 1313 4038 sequitur,
1337 3977 1403 4019 non

335 4068 486 4147 pertinet;
504 4067 559 4129 sed
575 4088 616 4128 ne
627 4067 661 4128 id
673 4068 805 4145 quidem
818 4076 900 4129 reete
913 4066 1064 4129 sehabet.
1101 4086 1177 4127 nam
1190 4085 1293 4144 neque
1305 4084 1402 4126 enun-
