3225 5034
718 413 917 489 -133-

207 605 218 644 ·’
286 616 357 686 post
381 601 490 680 οὐδείς,
513 609 567 669 sed
585 615 658 687 post
674 607 794 683 γεοεται
810 613 897 667 extet
912 598 1023 687 (οὐδεὶς
1039 606 1159 682 γεοεται
1175 612 1231 665 τῶν
1248 600 1356 686 ἱερῶν),

285 721 413 776 etcum
438 723 492 795 τῆς
515 714 630 795 χὺτρας
653 714 896 792 coniungamus,
921 714 1006 792 quod
1031 734 1048 774 e
1072 714 1183 791 glossis
1208 713 1356 773 breuiori-

286 821 345 883 bus
369 841 482 883 uerum
506 841 573 883 esse
597 830 730 901 apparet
753 819 822 902 (τῆς
845 817 878 880 δὲ
902 819 1017 901 χὺτρας
1038 812 1146 879 οὐδένα
1162 817 1356 902 gebocedan).
1380 902 1383 906 ¹
1475 819 1481 827 '

285 929 353 989 cod.
391 930 418 990 G
454 922 570 1007 ἱερείων
595 927 700 1001 habet,
726 929 780 989 sed
804 935 895 989 tenor
919 947 1025 988 rerum
1049 928 1234 1006 scriptorem
1259 928 1291 988 id
1317 927 1356 988 de

285 1035 502 1097 sacerdotibus
525 1035 718 1096 intellexisse
742 1034 892 1095 ostendit.
940 1053 1015 1095 nam
1034 1036 1071 1106 is,
1089 1034 1145 1112 qui
1161 1035 1356 1095 contrarium

284 1142 386 1204 latens
420 1161 453 1203 se
488 1142 665 1221 perspicere
700 1141 844 1213 credidit,
880 1141 926 1202 ita
958 1160 1024 1202 rem
1049 1141 1275 1219 interpretatus
1298 1147 1356 1215 est,

285 1255 321 1309 nt
343 1249 398 1309 alii
421 1268 458 1309 ac
481 1250 659 1310 sacerdotes
682 1249 922 1327 panepermiam
946 1248 1085 1320 ederent,
1110 1266 1182 1326 quae
1198 1247 1357 1309 sententia

283 1356 338 1416 illo
362 1362 488 1416 auctore
513 1355 634 1416 nititur.
682 1354 792 1415 eodem
820 1355 926 1429 modo,
949 1355 1033 1433 quod
1052 1355 1083 1415 in
1102 1362 1138 1434 sp
1157 1349 1237 1437 <ιγ’>
1255 1348 1356 1437 ἡμέρα

284 1482 455 1523 numerum
480 1462 635 1523 excidisse
659 1482 724 1522 non
748 1461 840 1534 uidit,
867 1462 1058 1522 sententiam
1082 1481 1153 1521 eam
1178 1461 1295 1535 elicuit,
1320 1466 1357 1521 ut

284 1570 344 1630 hoc
367 1569 517 1643 interdiu,
542 1589 605 1629 non
630 1575 727 1630 noctu
751 1570 849 1643 lieret,
872 1568 960 1648 quod
984 1587 1113 1647 prorsus
1129 1568 1356 1647 negligendum

283 1683 339 1737 est.
388 1676 428 1736 ad
464 1677 703 1755 panepermiam
739 1675 991 1737 consumendam
1021 1675 1128 1736 retulit
1151 1676 1356 1735 enuntiatum

283 1783 435 1844 ultimum
471 1782 539 1843 cod.
577 1783 665 1855 Rau,
701 1782 788 1860 quod
824 1783 1040 1861 fragmentum
1075 1788 1257 1862 separatum
1293 1789 1353 1853 est;

283 1909 380 1967 quare
415 1889 526 1950 ordine
551 1895 684 1963 mutato,
709 1890 795 1968 quod
821 1890 860 1950 de
888 1896 1031 1968 tempore
1059 1889 1123 1949 diei
1151 1889 1354 1967 excogitauit,

282 1998 352 2058 loco
375 1997 490 2057 ultimo
514 1997 691 2057 collocauit.
741 1997 999 2075 παραγινομένοος
1021 1996 1176 2057 uitiosum
1199 2014 1267 2057 esse
1291 2015 1356 2055 non

282 2104 469 2181 intellegens
486 2103 564 2163 mire
580 2104 806 2182 interpretatus
830 2109 886 2163 est.
926 2103 1012 2181 quod
1029 2104 1140 2181 glossis
1156 2102 1356 2163 breuioribus

282 2211 405 2271 collatis
429 2206 677 2290 (repromissione)
701 2210 856 2270 nimirum
880 2208 1118 2270 emendandum
1143 2209 1246 2270 estin
1272 2227 1356 2287 περι-

284 2319 457 2397 γινομένοος
480 2313 613 2395 (Rohde,
638 2310 781 2395 Psyche²
805 2317 830 2389 Ι,
857 2316 920 2393 238
945 2336 973 2375 a.
992 2316 1024 2393 2)
1039 2317 1091 2376 uel
1108 2317 1357 2396 περιγενομένους

284 2421 464 2504 (Ι1111αοο11ο,
493 2424 593 2484 Mant.
619 2423 670 2496 48,
695 2422 752 2483 ubi
775 2423 874 2484 uerba
898 2423 1097 2501 Theopompi
1122 2423 1286 2484 restituere
1309 2424 1355 2482 in‹

283 2530 416 2591 feliciter
432 2536 564 2590 conatus
580 2527 648 2609 est).
678 2530 786 2608 itaque
802 2531 955 2608 sequitur,
973 2536 1008 2590 ut
1025 2530 1143 2602 omnia,
1161 2548 1232 2607 quae
1249 2530 1355 2591 dehis

282 2637 397 2698 ritibus
425 2636 617 2714 Chytrorum
644 2636 763 2696 tradita
789 2643 875 2712 sunt,
904 2657 920 2696 e
944 2637 1131 2715 fragmentis
1154 2637 1355 2715 Theopompi

283 2745 316 2805 in
352 2744 473 2805 scholio
497 2742 566 2803 cod.
591 2743 668 2803 Rav.
694 2741 734 2803 ad
760 2743 921 2821 Aristoph.
947 2743 1026 2804 Ran.
1053 2743 1116 2802 218
1142 2742 1257 2803 hausta
1280 2743 1354 2804 sint.

389 2851 435 2910 De
460 2850 510 2911 his
533 2850 692 2928 copiosius
716 2849 860 2921 disserui,
886 2856 922 2911 ut
945 2854 1068 2911 constet
1091 2869 1156 2910 uon
1180 2850 1353 2922 Bacchum,

283 2958 337 3019 sed
374 2957 577 3028 Mercurium,
612 2956 726 3017 ducem
751 2958 907 3029 manium,
933 2956 1060 3035 Chytris
1085 2957 1207 3017 cultum
1232 2976 1299 3017 esse
1323 2963 1355 3018 et

283 3071 319 3126 ut
350 3070 509 3135 caueatur,
546 3082 585 3123 ne
621 3063 693 3141 quis
727 3063 835 3124 credat
869 3064 1074 3143 panspermia
1109 3064 1236 3142 Chytris
1266 3070 1355 3125 cocta

282 3171 512 3234 fecunditatem
548 3190 567 3230 a
602 3169 663 3230 diis
698 3171 832 3248 petitam
863 3189 940 3242 esse,
966 3181 1002 3231 ut
1025 3170 1200 3248 Thargeliis
1224 3176 1255 3230 et
1278 3170 1354 3249 Pya·

282 3278 403 3357 nopsiis
428 3277 532 3339 fiebat.
558 3278 601 3356 (p.
629 3277 714 3350 103).
741 3276 854 3338 dehis
878 3278 1008 3356 quidem
1033 3277 1222 3339 Plutarchus
1238 3277 1355 3338 aetiolo·

282 3385 384 3463 gicam
410 3391 517 3445 narrat
539 3384 694 3457 fabulam,
719 3405 736 3445 e
760 3403 825 3462 qua
847 3385 1086 3463 panepermiam
1110 3384 1149 3445 iis
1172 3384 1260 3445 feriis
1283 3403 1355 3445 con-

283 3499 446 3571 sumptam
470 3510 538 3552 esse
562 3493 581 3552 1.
607 3491 627 3551 l.
652 3492 778 3570 collegit
802 3492 997 3552 Mannhardt
1020 3492 1126 3567 (Thes.
1151 3492 1205 3564 22,
1221 3511 1238 3552 e
1254 3491 1355 3570 Laby-

282 3600 389 3660 rintho
413 3599 543 3659 reduces
568 3599 638 3677 μίαν
662 3597 776 3678 χοτραν
799 3599 901 3680 κοινὴν
926 3592 1097 3679 ἑψήσαντας
1120 3596 1355 3679 συνεστιαθῆναι

282 3705 335 3763 καὶ
370 3712 612 3787 συγκαταφαγεῖν
648 3699 812 3786 ἀλλήλοις
842 3707 911 3780 hoc,
936 3711 972 3765 ut
995 3704 1062 3765 fieri
1086 3706 1175 3776 solet,
1200 3724 1216 3764 e
1240 3703 1355 3766 ritibus

282 3814 378 3873 sacris
409 3812 520 3873 fictum
545 3809 613 3892 est).
661 3813 788 3890 Chytris
812 3820 920 3873 autem
944 3812 1183 3891 panepermiam
1207 3812 1354 3872 homines

282 3940 346 3980 non
367 3920 546 3998 gustauisse
562 3918 807 3998 Theopompum
826 3919 949 3979 tradere
965 3920 1029 3978 iam
1047 3918 1240 3989 monstraui;
1259 3937 1355 3979 causa

282 4027 436 4088 nimirum
460 4045 497 4086 ea
520 4033 596 4098 erat,
621 4026 707 4103 quod
732 4026 800 4086 haec
824 4026 1029 4105 panspermia
1051 4031 1118 4086 erat
1133 4025 1264 4098 inferiae,
1282 4044 1371 4110 quae.

282 4151 370 4195 sacra
393 4134 540 4195 homines
564 4152 627 4193 non
653 4133 836 4211 tangebant,
863 4152 936 4194 cum
961 4132 1051 4193 cibus
1075 4133 1220 4192 manium
1238 4137 1352 4193 essent.
