3225 5034
760 398 937 461 .--30-

309 579 372 641 hae
404 580 498 640 tertia
532 577 569 637 τὰ
603 579 658 659 μὲν
691 575 757 637 κατ’
795 572 908 657 ἀγροὺς
935 576 1030 659 μηνὸς
1054 571 1258 645 Ποσειδεῶνος
1280 577 1378 638 iidem

310 686 541 760 abiudioemus,
566 705 630 746 non
654 684 758 746 uideo.
795 684 921 745 etiarnsi
937 699 1091 745 numeras
1105 684 1274 762 singularis
1289 678 1380 766 ἑορτὴ

311 789 537 875 Ἀθηνησιν,ῆ
573 790 707 870 damano
739 787 831 874 ἤγετο
865 789 906 851 ad
940 790 983 864 id,
1019 790 1104 869 quod
1136 792 1380 870 aequiternam

310 899 448 979 quadrat
481 906 512 960 et
546 900 606 960 hoo
636 899 793 978 posterius
816 898 964 959 additum
987 915 1058 959 esse
1077 897 1217 959 indicare
1240 896 1377 970 uidetur,

310 1006 374 1068 hoo
405 1012 513 1066 tamen
548 1005 805 1066 additamentum
840 1023 859 1065 e
891 1005 983 1066 fonte
1008 1004 1094 1065 bano
1114 1005 1266 1066 haustum
1290 1011 1338 1065 est
1360 1019 1382 1064 a

310 1113 518 1191 grammatico
553 1112 704 1191 quodam,
736 1112 792 1190 qui
826 1117 917 1173 terna
950 1109 1103 1189 Dionysia
1137 1129 1204 1173 esse
1231 1111 1326 1173 soiait
1348 1113 1382 1171 et

310 1236 377 1280 rem
414 1220 530 1280 meiius
560 1219 784 1299 explicandam
820 1235 886 1279 ease
908 1218 979 1279 iure
1000 1219 1131 1280 sensuit.
1179 1216 1380 1300 praeteream

310 1328 458 1405 glossam,
495 1327 598 1404 qualis
628 1326 662 1386 in
686 1325 788 1386 lexioo
811 1325 969 1386 rhetorico
990 1325 1125 1386 Bekheri
1148 1332 1179 1386 et
1202 1325 1235 1385 in
1259 1324 1381 1386 scholio

310 1432 487 1494 AEsohineo
513 1439 611 1507 extat,
635 1431 919 1505 omoiderammm,
948 1433 1054 1493 neseio
1078 1449 1120 1492 an
1142 1449 1295 1493 numerus
1318 1429 1379 1491 sin·

311 1540 430 1619 galeris
464 1540 539 1600 terri
570 1540 678 1619 possit.
727 1539 824 1599 latine
848 1538 942 1600 oredo
963 1539 1024 1600 hoa
1048 1534 1170 1600 nemini
1193 1539 1380 1617 scrupulum

311 1647 503 1708 iniecturum
539 1663 615 1707 esee.
667 1643 839 1725 »Dionysia
872 1657 948 1707 sunt
964 1646 1079 1706 fenum
1097 1645 1213 1707 Bacchi
1231 1645 1378 1706 Athenis:

311 1754 446 1831 agrestia
480 1752 653 1814 Posideane
688 1771 799 1814 mense
831 1751 1014 1831 agebantur,
1046 1753 1160 1814 Lenaa
1183 1753 1380 1826 Gamelione,

311 1859 436 1920 urbana
467 1859 734 1938 Elaphebolione»
762 1860 782 1921 i.
808 1877 825 1920 e
848 1860 1001 1938 primum,
1025 1859 1103 1938 quid
1126 1875 1191 1919 uox
1215 1859 1380 1938 significet,

312 1966 499 2045 explieatua
535 1965 652 2027 deinde
686 1968 806 2046 speeies
841 1965 1032 2039 offerentum
1062 1971 1093 2027 et
1116 1983 1148 2027 re
1172 1984 1257 2041 uera,
1281 1967 1309 2027 si
1332 1966 1382 2026 nir

312 2073 447 2151 quidam
470 2073 586 2134 doe-tan
606 2073 639 2134 in
663 2074 764 2134 lexico
788 2092 901 2134 uocem
925 2070 1067 2132 arealem
1090 2073 1247 2153 explicare
1268 2073 1384 2146 uoluit,

314 2175 457 2239 Διονὺσια
495 2173 583 2260 ἑορτὴ
623 2175 795 2261 Ἀθήνησιν
830 2199 895 2241 non
930 2180 1064 2255 sufiicit3
1099 2180 1154 2241 sed
1189 2185 1267 2259 quot
1301 2180 1383 2240 festa

313 2286 431 2347 Baoohi
464 2294 640 2364 agerentur,
676 2287 905 2365 exponendum
927 2292 1002 2347 erat.
1050 2303 1147 2365 quare
1171 2285 1382 2365 explicatione

312 2392 369 2453 illa
400 2410 501 2470 quarn
523 2394 664 2453 maxime
686 2412 767 2472 opus
790 2401 846 2454 est.
894 2393 1097 2454 Antheateria
1119 2392 1237 2467 omisit,
1262 2393 1382 2472 quippe

314 2517 386 2577 qua
421 2500 518 2577 uulgo
541 2499 694 2578 Dionysia
717 2517 781 2560 non
805 2500 1044 2579 appellarentur
1063 2499 1150 2578 (uide
1173 2517 1269 2579 supra
1292 2500 1313 2560 l.
1337 2496 1380 2580 li.

421 2603 512 2667 Idem
536 2613 668 2685 tempus
688 2612 823 2683 testatur
845 2606 1084 2685 Theophrastus
1106 2605 1199 2667 Char.
1225 2607 1245 2666 3
1269 2607 1303 2666 in
1319 2606 1383 2667 fine

314 2710 457 2794 (XXIV),
482 2731 577 2791 quem
602 2715 708 2774 mcum
732 2713 856 2775 Gilbert
878 2731 900 2793 p
926 2715 967 2775 72
991 2732 1050 2792 sqq
1071 2713 1298 2793 interpolatum
1315 2732 1383 2775 esse

314 2820 438 2881 efficere
477 2826 609 2881 donatus
643 2827 699 2881 est.
747 2821 890 2899 nmmum
925 2840 942 2881 e
977 2819 1157 2881 rationibus
1188 2815 1384 2899 quibusdam

315 2925 488 2988 subtilibus
526 2927 588 2987 hoe
621 2927 824 2988 enuntiatum
860 2933 972 3006 aptum
1007 2946 1072 2988 non
1107 2945 1174 2989 esse
1208 2926 1382 3001 contendit,

314 3033 400 3111 quod
436 3051 539 3111 neque
574 3053 632 3111 ego
665 3034 762 3094 uideo
794 3052 898 3112 neque
923 3034 1077 3113 philologi
1098 3034 1278 3113 lipsienses
1300 3040 1382 3106 uoto,

315 3139 370 3218 qui
406 3140 523 3200 librum
559 3141 733 3201 nouissime
767 3140 897 3203 edent-es
931 3140 1176 3219 transpositione
1199 3139 1383 3202 Schneideri

315 3252 441 3325 recepta
477 3279 516 3289 -
552 3265 628 3307 nam
662 3247 697 3307 in
735 3247 824 3309 libris
858 3266 933 3309 mss.
958 3246 1056 3308 uerba
1079 3241 1137 3306 κᾶν
1160 3240 1296 3327 ὑπομένῃ
1315 3244 1381 3307 κτλ.

316 3353 384 3413 hoeo
419 3353 612 3414 antecedunt
655 3386 690 3397 ·-
723 3354 756 3414 id
791 3355 999 3416 retinuerunt.
1057 3373 1134 3415 oum
1171 3361 1264 3415 antea
1298 3358 1384 3415 extet
1449 3423 1456 3434 .

316 3458 369 3518 καὶ
392 3460 436 3526 τίς
460 3454 538 3519 ἐστιν
561 3454 664 3543 ἡμέρα
687 3464 829 3542 σήμερον,
854 3462 1018 3522 hominem
1044 3461 1083 3522 de
1107 3461 1197 3523 fastis
1213 3462 1300 3539 loqui
1317 3479 1383 3540 per·

315 3584 387 3643 gere
414 3575 663 3629 consentaneum
686 3574 743 3629 eet·
790 3567 877 3647 quod
901 3562 943 3636 ὡς
964 3569 1045 3630 haio*
1063 3569 1228 3630 sententia
1251 3568 1383 3647 longiori

316 3674 519 3752 praemissum
558 3679 615 3746 est,
651 3674 770 3735 mirum
805 3695 871 3736 non
905 3683 962 3749 est,
998 3675 1122 3736 etiamsi
1157 3682 1230 3735 ante
1265 3676 1384 3754 priores

317 3779 479 3841 breuiores
500 3800 564 3841 non
588 3788 684 3841 extat.
731 3782 800 3844 haeo
823 3799 919 3843 causa
942 3781 1118 3843 damnandi
1141 3799 1207 3842 non
1230 3790 1286 3843 est.
1334 3781 1384 3841 de

316 3886 392 3949 inde
427 3888 549 3949 Gilbert
582 3888 860 3968 interpolationem
884 3907 925 3949 ex
946 3888 1059 3967 glossis
1081 3888 1311 3965 marginalibus
1333 3907 1385 3948 ex-

317 3996 449 4074 planare
470 3994 601 4069 studuit,
626 3995 712 4073 quod
736 3997 765 4056 ei
789 3996 846 4057 uin
868 3996 1008 4073 contigit.
1055 4013 1132 4056 nam
1155 3995 1281 4056 etiamsi
1304 3988 1386 4077 Boa-

318 4098 484 4181 δρομιῶνος
507 4103 560 4179 μέν
584 4097 647 4161 ἐστι
670 4102 706 4160 τὰ
731 4105 880 4184 μυστήρια
903 4104 1008 4182 glossa
1029 4102 1071 4163 ad
1093 4102 1192 4163 uerba
1212 4095 1386 4184 μυστηρίοις
