3225 5034
754 393 930 453 ..66-

311 568 487 632 334-330
521 590 548 631 a.
585 569 657 631 Chr.
694 590 724 630 n.
761 571 865 643 rediit,
901 576 1098 633 enumerant.
1145 571 1197 632 hic
1224 565 1378 647 Dionysia

310 678 409 740 Piraea
439 685 470 738 et
504 678 656 758 epilenaee
691 673 739 757 (τὰ
774 672 936 760 ἐπιλήναια
966 698 997 739 u.
1022 698 1119 758 supra
1141 699 1171 758 p.
1198 677 1239 738 39
1264 673 1323 756 sq.)
1347 680 1379 735 et

310 805 427 864 magna
450 792 659 858 recensentur,
685 786 960 847 Anthesteriorum
976 787 1066 847 nulla
1081 786 1201 847 mentio
1217 785 1263 857 fit,
1280 801 1378 862 quare

310 892 433 955 Gilbert
466 912 498 972 p.
537 892 599 952 145
635 910 703 971 sqq.
740 891 800 953 hoc
834 893 952 954 festum
984 894 1066 955 tanti
1101 892 1256 954 momenti
1279 889 1377 950 luisse

309 1008 436 1079 putans,
472 1004 508 1060 ut
542 999 647 1059 omitti
682 1018 746 1061 non
782 1006 897 1077 posset,
933 999 993 1061 sub
1028 1000 1158 1060 nomine
1191 999 1378 1059 Lenaeorum

309 1106 511 1168 Anthesteria
548 1107 644 1166 latere
682 1106 863 1177 contendit;
903 1107 989 1185 quod
1021 1107 1049 1167 si
1080 1126 1193 1167 uerum
1216 1111 1308 1177 esset,
1333 1101 1378 1163 ni·

309 1213 428 1273 mirum
452 1213 565 1273 Lenaea
588 1218 619 1273 et
642 1212 842 1273 Anthesterie
868 1213 954 1274 idem
977 1214 1096 1275 testum
1112 1214 1210 1274 fuisse
1226 1212 1379 1273 effectum

308 1326 398 1382 esset.
447 1339 520 1381 cum
553 1326 661 1380 eutem
695 1320 873 1381 secundum
909 1320 1088 1382 Gilbertum
1113 1321 1300 1381 Lenaeorum
1323 1338 1378 1379 no·

309 1446 383 1487 men
407 1426 470 1488 diei
495 1426 779 1500 Anthesteriorum,
796 1447 860 1505 quo
876 1429 994 1488 fabulae
1010 1428 1193 1505 agebantur,
1211 1426 1379 1506 proprium

308 1534 412 1603 fuerit,
449 1534 623 1612 permirum
659 1540 706 1595 est
740 1533 801 1594 hoc
824 1534 1028 1613 potissimum
1052 1553 1168 1595 nomen
1193 1534 1227 1593 in
1251 1533 1379 1594 rationi·

310 1641 370 1701 bus
405 1640 544 1702 coriariis
578 1639 760 1701 adhibitum
788 1658 869 1715 esse;
894 1642 1001 1720 potius
1025 1641 1126 1702 Choes
1150 1640 1377 1719 expectaueris.

310 1749 404 1824 liga
427 1754 475 1809 est
497 1748 574 1809 anni
598 1742 699 1816 334l3
723 1759 751 1807 a
776 1747 849 1809 Chr.
871 1747 952 1821 n.,b
975 1750 1053 1809 anni
1075 1749 1246 1827 sequentis,
1264 1748 1285 1807 d
1301 1747 1379 1808 enni

312 1848 422 1925 331l0,
459 1860 495 1915 ut
528 1855 590 1916 hoc
624 1873 746 1916 annum
769 1861 896 1915 tantum
921 1855 1017 1917 distet
1040 1855 1080 1916 ab
1104 1855 1176 1917 cm
1199 1855 1232 1916 ΙΙ
1256 1855 1321 1915 834
1345 1854 1377 1928 b,

311 1962 366 2040 qui
382 1963 495 2023 titulus
507 1961 583 2023 anni
597 1956 697 2032 stass
711 1967 767 2022 est.
801 1981 898 2040 quere
914 1963 1111 2023 auerisimili
1123 1964 1217 2041 plane
1230 1961 1379 2023 abhorret

311 2068 513 2130 Anthesteria
546 2087 563 2129 e
598 2087 693 2130 causa
727 2088 746 2129 a
781 2068 923 2130 Gilberto
957 2069 1120 2148 proposita
1153 2068 1271 2130 omissa
1299 2086 1376 2128 esse.

310 2174 438 2236 Boeckh
472 2195 503 2253 p.
543 2176 605 2236 105
640 2194 677 2235 ea
711 2181 962 2237 commemorata
984 2195 1049 2236 non
1073 2194 1140 2237 esse
1164 2180 1266 2254 putat,
1290 2173 1377 2253 quod

310 2282 344 2342 in
378 2282 427 2352 iis,
460 2282 547 2343 feriis
570 2282 740 2355 ueteribus,
765 2283 868 2361 epulae
891 2282 1038 2362 publicae,
1063 2302 1134 2361 quae
1158 2282 1191 2343 in
1215 2282 1301 2342 feriis
1325 2301 1378 2360 po·

311 2389 423 2450 sterius
458 2388 576 2450 additis
611 2382 786 2469 (ἐπιθέτοις)
821 2395 935 2463 essent,
963 2409 1027 2450 non
1052 2389 1211 2450 darentur.
1259 2390 1287 2449 ei
1310 2389 1378 2449 iure

311 2495 452 2574 quodam
486 2495 652 2557 oblocutus
687 2501 735 2556 est
769 2495 893 2557 Gilbert
915 2516 946 2575 p.
973 2497 1047 2568 146,
1071 2515 1269 2575 quamquam
1293 2495 1378 2574 equi·

311 2602 395 2675 dem,
412 2608 521 2663 utrum
537 2602 739 2664 Anthesteria
754 2603 857 2681 epulis
873 2602 1010 2682 publicis
1022 2603 1179 2665 celebrata
1191 2603 1255 2664 sint
1267 2621 1377 2675 necne,

311 2729 363 2770 me
396 2710 498 2771 fateor
530 2709 659 2771 nescire.
706 2728 833 2771 necesse
868 2715 976 2771 tamen
1009 2731 1074 2771 non
1097 2716 1145 2771 est
1168 2710 1378 2770 Athenienses

310 2817 421 2895 epulas
455 2816 599 2895 publicas
633 2836 707 2877 cum
731 2816 882 2877 omnibus
907 2818 1030 2894 magnis
1053 2817 1140 2878 feriis
1164 2816 1377 2889 coniunxisse,

310 2941 413 3000 neque
437 2942 501 3001 que
523 2924 645 2983 ratione
667 2924 790 2985 factum
814 2924 863 2993 sit,
889 2924 1022 2995 scimue;
1048 2943 1145 3002 quare
1169 2926 1229 2984 hoc
1249 2926 1377 2983 tantum

311 3029 414 3091 dicere
429 3047 600 3109 possumus
612 3030 782 3108 pecuniam
795 3030 962 3091 coriariam
974 3030 1261 3102 Anthesteriorum,
1274 3029 1302 3089 si
1314 3047 1378 3106 que

310 3137 382 3210 luit,
418 3135 459 3197 ad
486 3135 717 3215 rempublicam
741 3155 806 3196 non
834 3136 972 3198 rediisse.
1019 3137 1145 3198 etiamsi
1168 3138 1271 3216 epulae
1295 3136 1378 3196 datae

311 3248 395 3317 sunt,
420 3242 488 3304 fieri
511 3248 623 3322 potest,
649 3249 685 3304 ut
708 3262 795 3303 more
819 3249 933 3316 uetere,
958 3244 1013 3322 qui
1037 3244 1071 3304 in
1094 3244 1155 3305 hoc
1176 3252 1281 3304 uetere
1296 3244 1378 3303 testo

193 3435 196 3441 ,
311 3350 423 3427 aegrius
456 3370 553 3429 quam
577 3349 611 3409 in
635 3350 744 3411 ceteris
768 3370 808 3410 ne
832 3350 954 3412 Lenaeis
976 3351 1108 3429 quidem
1131 3351 1281 3429 exceptis,
1306 3366 1378 3427 quae

310 3476 377 3517 non
399 3462 522 3518 tantam
550 3456 774 3534 antiquitatem
798 3462 830 3517 et
852 3458 1052 3519 sanctitatem
1076 3477 1142 3538 prae
1165 3475 1198 3519 se
1222 3455 1376 3528 ferebant,

311 3563 430 3624 aboleri
467 3564 581 3642 potuit,
616 3564 753 3643 pecunia
786 3564 918 3625 coriaria
941 3564 981 3625 ad
1005 3565 1181 3625 sacerdotes
1204 3565 1256 3624 uel
1280 3563 1377 3624 deum

310 3670 418 3749 ipsum
453 3670 587 3731 redierit.
636 3670 706 3732 CIA
739 3670 773 3731 II
797 3670 858 3731 631
886 3664 1042 3750 ἱερώσυνα,
1067 3690 1138 3749 quae
1162 3669 1377 3731 sacerdotibus

311 3776 418 3838 dende
452 3781 550 3849 erant,
586 3783 797 3851 recensentur,
822 3778 904 3839 inter
927 3797 998 3857 quae
1022 3778 1138 3857 saepius
1161 3778 1246 3838 coria
1268 3794 1378 3837 nume·

310 3889 429 3945 rantur.
476 3884 545 3945 haec
575 3889 683 3945 autem
711 3884 842 3964 publica
868 3901 956 3946 sacra
978 3885 1077 3945 tuisse
1100 3904 1164 3945 non
1189 3885 1283 3963 plane
1306 3902 1378 3944 con·

311 3997 383 4063 stat,
400 4009 597 4069 quamquam
611 3990 644 4050 id
658 3992 799 4053 conicere
812 3992 893 4053 licet.
919 3990 993 4052 uide
1006 3999 1157 4070 praeterea
1168 3990 1376 4064 Boeckhium,

310 4090 655 4176 Staatshausheltung³
688 4099 722 4159 Π
759 4097 821 4159 108
855 4118 923 4177 sqq.
948 4103 985 4158 ut
1007 4100 1152 4177 exempla
1177 4118 1217 4159 ex
1240 4099 1302 4159 elio
1325 4117 1378 4176 op·
