3225 5034
679 373 878 462 '-‚39-

256 553 309 614 40.
356 557 404 614 est
427 552 541 613 titulus
565 552 680 612 atticus
704 551 785 626 CIA,
810 552 853 625 II,
876 548 1322 633 834b(xvss)ann1329s8

256 680 283 721 a.
321 659 392 721 Chr.
428 679 471 732 n.,
497 659 552 736 qui
576 658 725 720 Eleusine
748 663 891 737 repertus
915 658 1055 737 primum
1080 678 1099 718 a
1122 659 1220 721 Paulo
1243 660 1322 720 Fou-

256 773 322 829 oart
352 766 433 827 Bull.
460 766 523 826 VH
545 786 576 844 p.
603 763 666 826 387
691 783 749 843 sqq
773 765 878 825 editus
901 771 957 826 est.
1004 770 1207 826 recensentur
1229 767 1263 827 in
1286 786 1323 827 eo

255 875 393 935 rationes
428 872 671 950 magistratuum
707 871 920 950 quorundam,
953 872 1009 950 qui
1032 872 1235 951 appellantur
1258 868 1324 932 ἐτι-

256 982 363 1040 στάται
387 972 601 1039 Ἐλευσινόθεν
624 978 678 1038 καὶ
701 979 807 1058 ταμίαι
830 985 890 1037 τοῖν
915 976 1009 1041 θεοῖν.
1050 979 1199 1040 columna
1226 981 1324 1041 altera

255 1088 394 1149 rationes
430 1082 478 1146 ἐπὶ
512 1093 567 1168 της
602 1080 798 1149 Πανδιονίδος
834 1079 925 1167 ἕκτης
959 1086 1138 1164 πρυτανείας
1173 1087 1324 1161 continet,

255 1214 328 1274 quae
351 1194 508 1274 prytania,
533 1193 560 1254 si
583 1192 660 1253 ordo
683 1194 710 1254 is
734 1199 809 1264 erat,
836 1192 891 1271 qui
915 1191 955 1252 ab
977 1193 1145 1253 Aristotele
1162 1190 1229 1253 πολ.
1248 1188 1322 1253 Ἀθ.

256 1302 309 1375 43,
346 1303 364 1362 2
400 1299 653 1378 commendatur,
681 1299 755 1360 inde
790 1319 809 1359 a
844 1299 895 1359 die
919 1299 978 1359 III.
1004 1299 1201 1361 Gamelionis
1223 1318 1324 1377 usque
1392 1359 1396 1366 ,

256 1408 296 1469 ad
336 1408 426 1469 VIII.
465 1407 716 1468 Anthesterionis
756 1406 944 1485 pertinebat.
1004 1407 1078 1485 quia
1119 1413 1227 1467 autem
1261 1407 1324 1468 illis

255 1514 464 1594 temporibus,
500 1533 574 1575 cum
598 1514 648 1574 hae
671 1513 808 1574 rationes
832 1513 1014 1592 perscriptae
1037 1521 1121 1586 sunt,
1146 1533 1220 1573 eum
1244 1513 1324 1573 ordi·

256 1642 331 1683 nem
366 1623 463 1682 tuisse
496 1626 617 1681 certum
642 1627 786 1695 nonest,
811 1620 1047 1681 obseruandum
1072 1625 1120 1681 est
1144 1620 1323 1700 prytaniam

218 1732 221 1736 '
257 1738 379 1790 sextam
405 1727 524 1788 tribum
552 1726 765 1788 Pandionidos
788 1728 899 1806 paucis
923 1726 1035 1788 diebus
1059 1733 1132 1788 ante
1155 1727 1235 1787 inire
1258 1735 1324 1806 pot-

255 1837 353 1908 uisse;
391 1835 543 1913 quoniam
579 1841 686 1895 autem
714 1834 850 1913 primam
875 1841 906 1895 et
929 1835 1060 1894 alteram
1086 1835 1250 1913 prytanias
1273 1834 1324 1894 tri·

256 1962 408 2004 cenorum
443 1960 591 2003 senorum
626 1941 750 2002 dierum
774 1942 872 2002 fuisse
896 1961 912 2001 e
935 1942 1030 2002 titulo
1053 1941 1123 2020 ipso
1146 1941 1325 2020 computari

256 2057 370 2129 potest,
406 2049 530 2128 primus
554 2048 630 2121 dies,
656 2067 674 2108 a
698 2067 761 2125 quo
785 2048 993 2109 PandionidIs
1017 2048 1164 2126 prytanio
1186 2049 1325 2126 incipere

256 2157 370 2236 potuit,
407 2156 530 2234 primus
565 2160 613 2216 est
644 2155 711 2216 dies
736 2155 941 2216 Gamelionis.
988 2160 1025 2216 ut
1047 2154 1185 2215 breuiter
1208 2155 1324 2229 dicam,

256 2282 382 2325 necesse
406 2269 454 2323 est
477 2263 656 2341 prytaniam
682 2261 771 2323 illam
795 2268 851 2323 aut
874 2281 893 2322 a
916 2263 941 2323 I.
967 2269 1023 2323 aut
1046 2282 1065 2322 a
1085 2262 1127 2322 II.
1158 2267 1213 2322 aut
1229 2282 1248 2322 a
1264 2262 1323 2323 III.

257 2370 454 2432 Gamelionis
489 2369 540 2429 die
575 2370 729 2448 incepisse
764 2376 795 2429 et
829 2376 885 2429 aut
922 2369 957 2429 V.
994 2375 1050 2429 aut
1087 2369 1139 2429 VI.
1172 2358 1228 2429 aut
1254 2369 1323 2430 VII.

257 2477 511 2538 Antheaterionis
545 2476 696 2537 finiuisse.
744 2477 859 2554 legitur
885 2495 976 2554 paeue
1004 2476 1037 2535 in
1062 2476 1176 2537 mediis
1199 2476 1325 2536 rationi·

255 2584 317 2645 bus
352 2584 448 2645 huius
483 2584 638 2661 prytaniae
661 2584 681 2643 l.
708 2584 750 2644 46
774 2617 817 2625 —
841 2590 915 2643 totae
939 2584 958 2643 l.
985 2583 1026 2644 75
1051 2582 1171 2643 habent
1193 2617 1236 2625 —
1261 2578 1326 2641 ἐτι-

257 2693 381 2757 στάταις
417 2685 599 2770 Ἐπιληνατα
634 2683 678 2756 εἰς
713 2686 855 2748 Διονίνοτα
890 2688 984 2747 θῦσαι
1020 2684 1079 2747 ΔΛ.
1128 2708 1199 2766 quae
1228 2688 1326 2750 uerba

257 2806 350 2858 antea
379 2799 461 2857 male
485 2797 645 2857 intellecta
668 2803 752 2870 sunt,
777 2796 833 2858 sed
857 2795 996 2856 dubitari
1021 2815 1084 2856 non
1109 2788 1221 2875 potest,
1246 2796 1326 2874 quin

257 2904 452 2965 adiectiuum
489 2898 664 2984 ἐπιληναιος
698 2903 833 2964 eandem
865 2901 981 2963 babeat
1003 2903 1072 2963 uim
1095 2921 1132 2963 ao
1156 2902 1253 2962 uerba
1278 2897 1325 2961 ἐπὶ

258 3004 383 3092 Ληναίῳ
418 3011 563 3071 attributi
598 3012 667 3071 loco
702 3010 806 3089 posita
828 3043 873 3053 -
896 3011 935 3071 of.
960 3028 1009 3069 ex.
1034 3029 1060 3071 c.
1087 3004 1222 3083 ἐπίγαιος
1245 3009 1324 3070 Hdt.

258 3119 289 3190 2,
317 3119 378 3178 125
402 3119 422 3177 i.
448 3138 473 3177 e.
501 3113 549 3176 ἐπὶ
573 3111 645 3196 γαίη
670 3152 708 3160 -
736 3118 832 3196 paulo
856 3117 947 3177 aliter
970 3116 1009 3176 de
1032 3117 1118 3177 Prott
1142 3117 1225 3176 Fast.
1247 3135 1324 3178 sacr.

257 3245 300 3304 gr.
338 3224 410 3285 add.
447 3245 477 3303 p.
507 3226 559 3296 45,
585 3244 782 3303 quamquam
806 3243 854 3286 res
877 3224 947 3303 ipsa
971 3244 1035 3283 non
1059 3229 1210 3283 mutatur.
1258 3224 1326 3284 haec

256 3333 353 3411 igitur
391 3332 488 3392 uerba
523 3331 562 3392 ad
599 3332 711 3392 Lenaea
746 3331 911 3392 referenda
945 3336 1029 3402 sunt,
1066 3348 1136 3408 quae
1168 3331 1200 3389 iu
1225 3330 1326 3391 titulis

258 3434 399 3498 tltcvburu
428 3438 465 3496 τὰ
489 3434 537 3497 ἐπὶ
562 3434 686 3519 Ληναίῳ
710 3445 746 3499 ut
769 3439 866 3515 uulgo
889 3438 975 3515 apud
1000 3444 1142 3498 auctores
1166 3438 1326 3515 appellan-

257 3552 325 3618 tnr;
362 3565 392 3605 u.
429 3546 595 3606 Koertium
632 3547 652 3605 l.
689 3546 724 3617 l.;
761 3564 826 3623 qua
847 3565 880 3604 re
904 3545 1029 3622 cognita
1052 3544 1120 3604 haeo
1145 3563 1218 3617 uox,
1244 3563 1324 3623 quae,

258 3653 350 3729 quasi
375 3653 424 3713 sui
448 3652 525 3713 iuris
549 3672 612 3712 non
637 3659 727 3724 esset,
753 3652 914 3712 interdum
940 3672 958 3711 a
981 3652 1059 3712 uiris
1076 3651 1176 3711 doctis
1193 3652 1327 3728 expulsa

258 3749 313 3830 est,
339 3759 524 3819 restituitur.
572 3759 616 3819 sie
641 3759 734 3819 Arist.
760 3756 828 3816 πολ.
852 3753 927 3816 Ἀθ.
946 3761 985 3818 57
1004 3757 1083 3818 liber
1100 3777 1148 3818 ms
1165 3754 1326 3816 Διονυσίων

259 3873 314 3924 τῶν
350 3860 615 3924 ΕΠΙΛΗΝΛΙΩΝ
641 3865 780 3938 exhibet,
805 3864 891 3944 quod
915 3865 1049 3927 editores
1073 3884 1137 3925 uno
1161 3865 1269 3924 animo
1292 3865 1326 3924 in

258 3981 314 4033 τῶν
346 3968 394 4032 ἐπὶ
420 3968 543 4054 Ληναίῳ
568 3978 774 4033 mutauerunt
831 3991 939 4032 ueram
964 3973 1133 4033 lectionem
1156 3973 1256 4032 tuitus
1280 3976 1328 4032 est

258 4080 394 4141 Foucart
428 4081 502 4140 Rev.
540 4080 579 4141 de
611 4080 689 4159 phil.
719 4079 803 4140 1895
827 4099 857 4157 p.
884 4079 922 4139 31
950 4085 981 4140 et
1004 4098 1090 4139 nunc
1115 4078 1327 4139 Wacbsmuth
