3225 5034
775 398 974 458 —108—

341 575 426 658 262),
463 578 518 657 qui
553 578 586 637 in
622 576 789 637 demorum
813 575 945 637 theatris
967 575 1093 637 fabulas
1116 574 1318 654 peragebant,
1344 595 1408 635 nou

340 683 551 756 sufficiebant,
588 689 624 744 ut
658 702 769 743 omncs
793 683 881 762 demi
902 702 968 743 uno
991 688 1133 762 tempore
1157 682 1309 760 Dionysia
1333 683 1408 742 cele-

340 792 476 853 brarent.
517 811 556 851 ex
580 809 627 863 eo,
644 790 730 868 quod
747 790 826 852 ficus
842 808 923 851 uuas
939 790 1040 851 oliuas
1057 810 1096 849 ex
1112 789 1278 851 arboribus
1294 807 1410 868 pepen-

339 899 433 973 disse,
469 917 543 958 cum
578 897 746 959 AEsohines
780 897 988 975 tritagonistae
1022 905 1127 976 partes
1158 901 1272 974 ageret,
1296 895 1409 955 Demo

339 1005 467 1066 sthenes
501 1006 521 1066 1.
554 1005 572 1063 l.
599 1004 685 1078 dicit,
711 1004 838 1065 Boeckh
862 1024 893 1082 p.
922 1004 983 1065 136
1007 1004 1159 1081 Dionysia
1183 1003 1318 1081 agrestia
1341 1001 1410 1061 uin-

339 1112 453 1172 demiaa
487 1130 583 1173 causa
617 1118 687 1171 acta
721 1130 788 1173 esse
823 1112 988 1173 conclusit.
1036 1130 1109 1172 cum
1145 1111 1205 1171 hoc
1241 1110 1308 1169 fieri
1343 1127 1409 1168 nou

338 1219 447 1297 possit,
473 1223 509 1279 ut
533 1217 705 1278 uindemiae
728 1219 847 1278 festum
872 1209 1045 1279 Posideone
1068 1224 1175 1279 actum
1193 1218 1243 1289 sit,
1258 1215 1408 1294 equidem

338 1344 406 1386 rem
440 1325 602 1385 inuertens
636 1325 704 1385 haec
739 1325 893 1403 Dionysia
922 1345 986 1385 non
1011 1324 1184 1385 Posideone
1208 1341 1327 1393 mense,
1352 1320 1409 1382 sed

339 1437 495 1492 autumno
518 1438 589 1492 acta
612 1450 678 1491 esse
703 1431 782 1491 dico.
831 1439 921 1491 erant
936 1451 1008 1509 ergo
1024 1451 1088 1492 non
1105 1431 1258 1508 Dionysia
1274 1428 1410 1507 agrestia

337 1538 463 1617 proprie
487 1538 531 1599 sic
555 1538 649 1611 dieta,
674 1537 729 1599 sed
754 1545 824 1598 tum
848 1538 1031 1616 agebantur,
1056 1557 1129 1598 cum
1146 1538 1315 1598 histriones
1331 1553 1410 1614 prae-

338 1650 387 1705 sto
410 1641 542 1723 erant1),
567 1645 628 1706 nisi
653 1645 720 1706 haec
743 1647 875 1706 fortasse
900 1645 1107 1705 uindemialia
1130 1650 1214 1706 sunt.

445 1752 588 1812 Tandem
630 1770 769 1829 quaerere
808 1752 895 1823 libet,
935 1757 1043 1813 utrum
1082 1750 1236 1829 Dionysia
1274 1748 1411 1828 agrestia

337 1858 446 1937 phallo
481 1859 666 1919 circumlato
701 1859 875 1919 Posidecne
900 1835 1017 1930 mense,
1043 1877 1114 1936 quae
1139 1858 1297 1936 descripta
1321 1861 1408 1929 sunt,

338 1973 374 2025 ut
397 1965 494 2026 schol.
513 1966 553 2026 ad
571 1967 623 2026 Ar.
641 1966 711 2026 Pac.
730 1965 794 2027 874
811 1967 900 2027 nisus
917 1966 1002 2027 dicat
1018 1965 1189 2045 quispiam,
1206 1965 1240 2025 in
1256 1963 1409 2025 omnibus

338 2071 441 2132 demis
476 2072 633 2133 celebrata
667 2073 732 2133 sint
766 2092 874 2134 necne.
922 2093 997 2133 nam
1029 2073 1170 2151 primum
1195 2091 1289 2132 nemo
1313 2075 1410 2147 negat
1439 2151 1441 2154 Ι

338 2178 405 2237 fieri
439 2179 590 2256 potuisse,
622 2186 659 2239 ut
681 2180 752 2240 aliis
776 2180 852 2240 locis
876 2180 947 2253 alia,
973 2172 1009 2239 ut
1032 2179 1209 2240 fecunditas
1234 2184 1408 2257 pararetur,

337 2285 418 2345 festa
453 2293 627 2362 agerentur.
675 2286 752 2346 talia
787 2292 862 2347 sunt
896 2287 1009 2360 Haloa,
1045 2305 1117 2364 quae
1151 2285 1263 2347 eodem
1299 2302 1410 2345 mense

337 2392 486 2452 Eleusine
514 2393 698 2470 agebantur,
723 2412 922 2471 quamquam
946 2394 1099 2471 Dionysia
1123 2394 1256 2471 agrestia
1280 2410 1409 2471 quoque

336 2498 382 2558 ibi
417 2507 543 2578 recepta
578 2506 661 2560 sunt.
709 2499 769 2560 hoc
804 2500 928 2561 efficere
963 2499 1150 2579 perdifficile
1185 2506 1247 2571 est;
1276 2498 1409 2559 eiastis

336 2611 445 2666 tamen
473 2607 636 2684 tetrapolis
660 2607 763 2667 atticae
787 2609 893 2668 Amer.
918 2608 1029 2669 Journ.
1055 2608 1088 2667 oi
1111 2608 1206 2668 Aron
1231 2607 1261 2667 X
1284 2626 1316 2684 p.
1342 2604 1407 2665 209

337 2731 396 2790 sqq
426 2738 465 2763 =
490 2712 530 2773 de
553 2712 641 2773 Prott
663 2714 735 2774 fast.
761 2732 839 2774 sacr.
866 2715 907 2775 26
931 2715 992 2775 hoc
1016 2732 1165 2793 apparere
1191 2714 1326 2774 uidetur.
1372 2713 1409 2773 in

337 2820 495 2880 columnae
520 2820 701 2897 posterioris
729 2820 820 2880 initio
844 2841 932 2882 sacra
955 2821 1172 2882 anniuersaria
1195 2820 1408 2881 Marathonio-

336 2944 408 2985 rum
444 2927 499 3004 p‘er
534 2932 639 2988 ternos
666 2932 698 2986 ct
732 2947 788 3006 per
821 2928 961 3005 singulos
987 2947 1110 2989 menses
1134 2928 1256 3005 digesta
1279 2944 1407 2986 enume-

336 3038 457 3092 rantur.
505 3032 669 3093 inuenitur
691 3035 743 3094 hio
767 3053 892 3095 sacrum
917 3036 1053 3107 nullum,
1079 3033 1164 3113 quod
1188 3034 1227 3093 ad
1253 3032 1408 3111 Dionysia

337 3140 471 3215 agrestia
505 3139 612 3198 referri
639 3141 748 3218 possit.
797 3143 855 3202 ool.
883 3143 906 3202 B
930 3142 949 3202 l.
977 3142 994 3203 7
1020 3160 1079 3219 sqq
1104 3137 1246 3219 δευτέρας
1271 3142 1405 3220 τριμήνο·

337 3237 539 3324 Ποαιδεὼ[νος
571 3281 615 3287 -
650 3282 692 3290 -
716 3246 769 3326 -]
795 3247 868 3325 βοῦς
891 3245 1014 3330 (num),
1039 3242 1084 3315 οἷς
1108 3248 1174 3324 (u),
1199 3241 1325 3330 ἡρώινηι
1350 3238 1407 3324 [οἷς

337 3348 401 3432 (n),
428 3345 583 3432 ἱερώσυνα]
610 3349 676 3432 (n).
696 3347 720 3411 Γ
721 3360 753 3435 ῆι
770 3351 803 3429 ἐγ
820 3354 907 3429 ρ’)αις
924 3355 996 3433 βοῦς
1010 3351 1148 3436 κυο(ῦο)α
1163 3351 1229 3434 (n),
1249 3347 1407 3435 [ἱερώσυνα

336 3494 379 3499 -
417 3457 466 3538 —-]
504 3452 633 3542 Teisa-qr
657 3456 766 3519 οπυδια
790 3461 856 3538 (n).
886 3463 1029 3539 sequitur
1052 3462 1197 3523 Gamelio
1221 3467 1278 3521 eto.
1327 3458 1406 3537 quid

445 3668 464 3736 ¹)
491 3672 554 3724 Hoc
582 3672 705 3725 forsitan
725 3673 810 3725 modo
830 3673 1032 3740 explicandum
1052 3675 1098 3740 sit,
1118 3674 1195 3739 quod
1214 3673 1278 3725 OIA
1296 3672 1332 3736 11,
1352 3669 1407 3723 594

335 3760 353 3812 l.
382 3759 415 3810 31
446 3776 486 3827 sq.
510 3766 601 3813 extat:
622 3758 735 3811 ἀνειπεῖν
755 3763 797 3812 τὸν
816 3761 944 3831 στέφανον
962 3768 1052 3813 τοῦτον
1072 3760 1214 3814 Διονυσίων
1231 3768 1283 3811 τῶν
1302 3760 1329 3810 ὲν
1349 3756 1406 3809 Σα-

335 3844 425 3917 λαμῖνι
453 3846 607 3918 τραγῳδοῖς,
643 3848 725 3900 ὅταν
760 3857 894 3921 πρῶτον
928 3849 1082 3921 γίνηται.
1120 3869 1157 3905 an
1179 3867 1269 3904 exeo
1289 3849 1415 3918 pendet,r

335 3939 413 4004 quod
440 3939 546 3991 fabulae
574 3956 633 3992 non
661 3941 740 3993 omni
768 3957 845 3993 anno
864 3946 936 3994 actae
954 3948 1032 4008 sunt,
1051 3947 1084 3994 ut
1103 3941 1226 3993 Athenis
1246 3939 1405 4006 posteriore

335 4032 420 4080 aetate
448 4029 556 4080 factum
585 4044 650 4081 esse
673 4030 780 4082 scimus
798 4030 834 4096 (a.
854 4029 907 4083 200
925 4047 949 4083 a.
970 4030 1037 4083 Ohr.
1057 4048 1084 4082 n.
1104 4029 1193 4092 fere)?
1213 4031 1249 4081 cf.
1269 4028 1404 4091 Koehler,

335 4117 402 4168 Ath.
422 4117 518 4169 Mitth.
537 4118 582 4170 HI
602 4118 653 4170 120
672 4135 738 4171 ann.
760 4120 782 4171 1.
