3225 5034
703 432 746 441 -
773 400 835 458 ιον
861 432 904 440 --

269 568 417 655 μονῳδίας
452 570 680 658 ἀκροασόμενος
713 575 766 635 καί
801 575 982 656 μελοποιίας
1004 575 1206 654 παραβάσεών
1229 594 1261 634 τε
1284 576 1336 634 καί

268 676 401 764 ῥυθμῶν,
438 678 542 744 ὁπόσοι
569 679 731 763 κωμῳδίας
755 682 856 743 τεκαὶ
873 679 1044 763 τραγῳδίας
1060 676 1144 756 εἰσίν,
1161 678 1194 751 ἐς
1209 682 1242 741 τδ
1259 680 1337 741 θέα-

268 808 336 869 τρον
370 787 532 872 ξυμροιτᾱν
567 785 650 867 ᾤετο·
680 785 745 848 ἐπεὶ
769 786 802 849 δὲ
827 786 965 872 ἤκουσεν,
990 783 1034 848 δτι
1058 782 1154 850 αίιλοῦ
1178 784 1337 871 ίνποσημη-

267 914 372 963 ναντος
395 894 559 976 λυγισμοὺς
583 892 743 978 ὀρχοῦνται
767 897 819 956 καί
844 894 955 977 μεταξὺ
979 903 1033 978 της
1058 890 1195 978 Ὀρφέως
1219 891 1336 956 ἐποποι-

267 997 317 1070 ίας
343 1022 374 1062 τε
406 1003 458 1062 καί
481 1002 647 1079 θεολογίας
671 1005 709 1063 τὰ
733 1004 786 1084 μὲν
811 996 853 1071 ὡς
876 998 977 1083 Ὧραι,
1014 1003 1051 1063 τὰ
1075 1000 1108 1062 δὲ
1131 996 1174 1070 ὡς
1198 997 1336 1085 Νόμραι,

267 1108 303 1168 τὰ
339 1106 371 1169 δὲ
404 1103 445 1178 ὡς
469 1104 594 1191 Βάκχαι
618 1112 805 1190 πράττουσιν,
831 1105 864 1177 ἐς
887 1104 1044 1192 ἐπίπληξιν
1068 1110 1171 1171 τοίιτου
1194 1111 1336 1191 κατέστη.

180 1234 248 1289 (m
373 1218 462 1295 Diog.
499 1218 591 1279 Labirt
626 1218 686 1292 111,
723 1219 780 1289 56;
816 1216 931 1279 fluidas
967 1236 990 1278 υ.
1027 1237 1058 1278 u.
1088 1215 1270 1297 τετραλογία
1293 1213 1336 1297 (p.

266 1323 306 1386 57
332 1342 359 1383 a.
389 1324 419 1400 1)

371 1425 551 1509 Θράσυλλος
574 1427 608 1490 δέ
632 1449 704 1513 φησι
727 1430 780 1491 καὶ
803 1430 883 1490 κατὰ
906 1432 959 1512 την
982 1431 1125 1512 τραγικὴν
1141 1421 1337 1507 τετραλογίαν

265 1530 404 1597 ἐκδοῦναι
439 1529 527 1596 αὐτὸν
564 1536 632 1606 τοὺς
668 1534 839 1614 διαλόγους·
887 1530 960 1616 [οἷον
984 1532 1094 1597 ἐκεῖνοι
1117 1538 1238 1616 τέτρασι
1263 1533 1337 1617 δροί-

265 1661 355 1723 μασιν
388 1638 565 1724 ἠγωνίζοντο
599 1640 776 1719 Διονυσίοις,
809 1637 965 1727 Ληναίοις,
998 1636 1239 1725 Παναθηναίοις,
1269 1641 1337 1705 Χθ-

265 1768 355 1830 τροις·
379 1743 418 1809 ὧν
442 1750 474 1810 τὸ
498 1752 637 1829 τέταρτον
659 1744 696 1833 ἦν
720 1754 888 1831 σατυρικόν·
925 1750 962 1811 τὰ
985 1746 1018 1810 δὲ
1042 1752 1170 1829 τέτταρα
1193 1747 1336 1831 δράματα

265 1851 405 1917 ἐκαλεῖτο
429 1856 629 1938 τετραλογία]

370 1962 388 2014 l.
408 1961 479 2014 2—4
497 1963 579 2015 uncis
598 1963 664 2015 incl.
684 1962 783 2016 Cobet.
820 1961 949 2029 (nomina
967 1963 1113 2013 festorum
1135 1960 1336 2028 wyttenbach)

477 2106 713 2188 Hydrophoria.

165 2249 246 2303 oxu
372 2232 496 2304 Suidas,
521 2233 779 2310 Etymologicum
803 2250 967 2309 magnum,
985 2232 1178 2310 Apostolius.
1196 2228 1238 2313 (p.
1260 2232 1335 2308 136)

370 2332 560 2422 Ὑδροφυρία·
586 2332 675 2419 ἑορτὴ
699 2339 848 2421 πένθιμος
872 2334 1042 2422 Ἀθηνησιν
1073 2335 1121 2397 ἐπὶ
1156 2345 1219 2405 τοῖς
1241 2333 1273 2399 ἐν
1296 2346 1336 2418 τῷ

262 2443 470 2527 κατακλυσμῷ
494 2440 704 2526 ἀπολομένας.
730 2440 773 2513 ὡς
797 2441 1016 2513 Ἀπολλώνιος.

148 2569 245 2624 oxm
371 2553 568 2626 PlutarchuS,
594 2553 683 2614 Sulla
709 2555 748 2614 14
773 2552 818 2633 (p.
847 2555 909 2614 136
933 2553 994 2632 sq.)

347 2652 450 2718 ,ἑλεῖν
474 2656 507 2718 δὲ
532 2660 587 2727 τὰς
611 2655 753 2742 Ἀθήνας
776 2652 866 2729 αὒτός
891 2678 979 2743 φησιν
1003 2655 1034 2720 έν
1058 2666 1120 2727 τοῖς
1143 2652 1336 2742 δπομνημασι

264 2760 417 2845 Μαρτίαις
447 2762 628 2844 καλάνδαις,
664 2761 731 2849 ἥτις
752 2762 854 2850 ἡμέρα
879 2765 1012 2848 μάλιστα
1036 2767 1195 2848 συμπίπτει
1216 2774 1251 2847 τη
1268 2784 1336 2827 νου-

264 2875 356 2956 μηνία
386 2881 437 2933 τοῦ
463 2869 724 2954 Ἀνθεστηριῶνος
748 2877 851 2956 μηνός,
888 2868 919 2934 έν
942 2893 962 2954 η
985 2872 1065 2933 κατὰ
1090 2871 1182 2956 τυχην
1206 2867 1335 2955 θεομνη-

265 2999 346 3061 ματα
368 2978 470 3040 πολλὰ
496 2983 547 3039 του
571 2976 621 3039 διὰ
645 2982 697 3062 τὴν
722 2975 889 3062 ἐπομβρίαν
914 2975 1046 3060 ὀλέθρου
1069 2980 1122 3040 καί
1146 2988 1199 3063 της
1215 2979 1336 3065 φθορᾶς

263 3083 383 3169 ἐκείνης
399 3083 516 3167 δρῶσιν,
542 3080 582 3153 ὡς
606 3090 671 3147 τότε
694 3087 748 3147 καί
771 3088 840 3167 περὶ
864 3089 911 3147 τὸν
935 3081 1043 3168 χρόνον
1067 3082 1181 3147 ἐκεῖνον
1202 3085 1335 3169 μάλιστα

264 3197 315 3254 τοῦ
331 3192 550 3275 κατακλυσμοῦ
575 3198 779 3275 συμπεσόντος

370 3289 703 3367 1.3ᾧ;γῙΕιυροτίυε

146 3405 241 3461 (mv
370 3390 542 3452 Pausanias
578 3391 603 3464 Ι,
642 3392 692 3462 18,
723 3390 740 3451 7
778 3391 817 3452 de
852 3392 973 3471 templo
998 3391 1084 3452 Iouis
1109 3391 1269 3471 Olympici
1293 3392 1334 3451 lo·

263 3515 373 3575 quens.
398 3494 440 3576 (p.
469 3493 544 3580 138)

370 3599 505 3663 ἐνταῦθα
528 3599 598 3664 ὅσον
622 3599 654 3672 ἐς
678 3611 777 3686 πηχυν
801 3605 834 3664 τὸ
858 3600 971 3688 ἔδαφος
988 3601 1126 3686 διέστηκε
1142 3604 1197 3663 καί
1213 3602 1335 3680 λέγουσι

262 3710 338 3792 μετὰ
361 3712 413 3793 την
430 3707 596 3792 ἐπομβρίαν
613 3713 665 3793 τὴν
682 3705 730 3771 ἐπὶ
746 3707 960 3778 Δευκαλίωνος
976 3710 1134 3792 συμβᾶσαν
1150 3704 1335 3795 ίνπορρυηναι

262 3817 355 3898 ταότρ
379 3818 411 3877 τὸ
435 3811 524 3897 δδιυρ,
550 3814 734 3897 ἐσβάλλουσί
758 3838 791 3878 τε
815 3812 848 3885 ἐς
871 3811 944 3877 αὐτὸ
968 3812 1027 3876 ἀνὰ
1051 3825 1109 3877 πᾶν
1134 3814 1200 3885 ἔτος
1222 3813 1334 3900 ἄλφιτα

261 3934 360 4004 πυρῶν
384 3922 483 4005 μέλιτι
507 3923 666 4005 μάξαντες.
