<?xml version="1.0" encoding="UTF-8"?>
<!DOCTYPE html PUBLIC "-//W3C//DTD XHTML 1.0 Transitional//EN"
    "http://www.w3.org/TR/xhtml1/DTD/xhtml1-transitional.dtd">
<html xmlns="http://www.w3.org/1999/xhtml" xml:lang="en" lang="en">
 <head>
  <title>
</title>
<meta http-equiv="Content-Type" content="text/html;charset=utf-8" />
  <meta name='ocr-system' content='tesseract 3.04.00' />
  <meta name='ocr-capabilities' content='ocr_page ocr_carea ocr_par ocr_line ocrx_word'/>
</head>
<body>
  <div class='ocr_page' id='page_1' title='image "./studiadedionysi00nilsgoog_0110.png"; bbox 0 0 3225 5034; ppageno 0'>
   <div class='ocr_carea' id='block_1_1' title="bbox 788 391 964 451">
    <p class='ocr_par' dir='ltr' id='par_1_1' title="bbox 788 391 964 451">
     <span class='ocr_line' id='line_1_1' title="bbox 788 391 964 451; baseline 0.006 -17"><span class='ocrx_word' id='word_1_1' title='bbox 788 391 964 451; x_wconf 73' lang='grc'>-98-</span> 
     </span>
    </p>
   </div>
   <div class='ocr_carea' id='block_1_2' title="bbox 339 562 1414 3213">
    <p class='ocr_par' dir='ltr' id='par_1_2' title="bbox 339 562 1414 3213">
     <span class='ocr_line' id='line_1_2' title="bbox 340 562 1408 652; baseline -0.003 -23"><span class='ocrx_word' id='word_1_2' title='bbox 340 565 429 652; x_wconf 68' lang='grc' dir='ltr'>ἑορτὴ</span> <span class='ocrx_word' id='word_1_3' title='bbox 446 566 564 643; x_wconf 56' lang='lat' dir='ltr'><strong>‘Alata</strong></span> <span class='ocrx_word' id='word_1_4' title='bbox 583 564 649 649; x_wconf 71' lang='grc' dir='ltr'><strong>ὲνῄ</strong></span> <span class='ocrx_word' id='word_1_5' title='bbox 669 569 722 628; x_wconf 83' lang='grc' dir='ltr'><strong>καὶ</strong></span> <span class='ocrx_word' id='word_1_6' title='bbox 740 564 946 636; x_wconf 76' lang='grc' dir='ltr'>Ποσειδεῶνος</span> <span class='ocrx_word' id='word_1_7' title='bbox 962 571 1074 650; x_wconf 75' lang='grc' dir='ltr'>πομπή,</span> <span class='ocrx_word' id='word_1_8' title='bbox 1106 562 1164 627; x_wconf 73' lang='grc' dir='ltr'><strong>ἀπὸ</strong></span> <span class='ocrx_word' id='word_1_9' title='bbox 1181 566 1215 628; x_wconf 80' lang='grc' dir='ltr'><strong>δὲ</strong></span> <span class='ocrx_word' id='word_1_10' title='bbox 1232 576 1282 628; x_wconf 79' lang='grc' dir='ltr'><strong>τοῦ</strong></span> <span class='ocrx_word' id='word_1_11' title='bbox 1299 586 1408 627; x_wconf 74' lang='lat' dir='ltr'><strong>coruo-</strong></span> 
     </span>
     <span class='ocr_line' id='line_1_3' title="bbox 340 669 1406 754; baseline -0.001 -19"><span class='ocrx_word' id='word_1_12' title='bbox 340 669 490 746; x_wconf 73' lang='grc' dir='ltr'><strong>λὶζεσθαι,</strong></span> <span class='ocrx_word' id='word_1_13' title='bbox 503 671 591 736; x_wconf 66' lang='grc' dir='ltr'>ἐνθεν</span> <span class='ocrx_word' id='word_1_14' title='bbox 603 676 655 736; x_wconf 82' lang='grc' dir='ltr'><strong>καὶ</strong></span> <span class='ocrx_word' id='word_1_15' title='bbox 664 670 755 744; x_wconf 79' lang='grc' dir='ltr'>ἅλως.</span> <span class='ocrx_word' id='word_1_16' title='bbox 773 677 855 737; x_wconf 86' lang='lat' dir='ltr'>nihil</span> <span class='ocrx_word' id='word_1_17' title='bbox 866 677 951 737; x_wconf 88' lang='lat' dir='ltr'><strong>ualet</strong></span> <span class='ocrx_word' id='word_1_18' title='bbox 963 677 1061 736; x_wconf 88' lang='lat' dir='ltr'><strong>altera</strong></span> <span class='ocrx_word' id='word_1_19' title='bbox 1070 697 1128 736; x_wconf 83' lang='lat' dir='ltr'><strong>nec</strong></span> <span class='ocrx_word' id='word_1_20' title='bbox 1138 677 1278 736; x_wconf 88' lang='lat' dir='ltr'><strong>multum</strong></span> <span class='ocrx_word' id='word_1_21' title='bbox 1288 676 1406 754; x_wconf 89' lang='lat' dir='ltr'><strong>prima;</strong></span> 
     </span>
     <span class='ocr_line' id='line_1_4' title="bbox 339 782 1408 861; baseline -0.004 -16"><span class='ocrx_word' id='word_1_22' title='bbox 339 786 398 845; x_wconf 87' lang='lat' dir='ltr'><strong>has</strong></span> <span class='ocrx_word' id='word_1_23' title='bbox 432 785 527 844; x_wconf 86' lang='lat' dir='ltr'><strong>etiam</strong></span> <span class='ocrx_word' id='word_1_24' title='bbox 563 783 692 844; x_wconf 83' lang='lat' dir='ltr'>exhibet</span> <span class='ocrx_word' id='word_1_25' title='bbox 726 783 915 845; x_wconf 78' lang='lat' dir='ltr'><strong>Eustathius</strong></span> <span class='ocrx_word' id='word_1_26' title='bbox 939 783 978 843; x_wconf 89' lang='lat' dir='ltr'><strong>ad</strong></span> <span class='ocrx_word' id='word_1_27' title='bbox 1003 784 1039 843; x_wconf 92' lang='lat' dir='ltr'><strong>Il.</strong></span> <span class='ocrx_word' id='word_1_28' title='bbox 1066 784 1122 852; x_wconf 86' lang='lat' dir='ltr'><strong>IX,</strong></span> <span class='ocrx_word' id='word_1_29' title='bbox 1149 784 1222 844; x_wconf 81' lang='lat'>530.</span> <span class='ocrx_word' id='word_1_30' title='bbox 1248 782 1408 861; x_wconf 77' lang='lat' dir='ltr'><strong>primitiae,</strong></span> 
     </span>
     <span class='ocr_line' id='line_1_5' title="bbox 340 888 1409 969; baseline -0.003 -18"><span class='ocrx_word' id='word_1_31' title='bbox 340 910 411 969; x_wconf 90' lang='lat' dir='ltr'><strong>quae</strong></span> <span class='ocrx_word' id='word_1_32' title='bbox 445 896 745 965; x_wconf 74' lang='lat' dir='ltr'><strong>commemorantur,</strong></span> <span class='ocrx_word' id='word_1_33' title='bbox 770 910 815 950; x_wconf 82' lang='lat' dir='ltr'><strong>eae</strong></span> <span class='ocrx_word' id='word_1_34' title='bbox 838 899 923 964; x_wconf 88' lang='lat' dir='ltr'><strong>sunt,</strong></span> <span class='ocrx_word' id='word_1_35' title='bbox 948 891 987 950; x_wconf 91' lang='lat' dir='ltr'><strong>de</strong></span> <span class='ocrx_word' id='word_1_36' title='bbox 1010 889 1128 968; x_wconf 87' lang='lat' dir='ltr'><strong>quibus</strong></span> <span class='ocrx_word' id='word_1_37' title='bbox 1151 889 1333 951; x_wconf 78' lang='lat' dir='ltr'><strong>Eleusinem</strong></span> <span class='ocrx_word' id='word_1_38' title='bbox 1359 888 1409 949; x_wconf 78' lang='lat' dir='ltr'><strong>de</strong></span> 
     </span>
     <span class='ocr_line' id='line_1_6' title="bbox 339 990 1410 1076; baseline -0.002 -18"><span class='ocrx_word' id='word_1_39' title='bbox 339 997 479 1058; x_wconf 81' lang='lat' dir='ltr'><strong>ferendis</strong></span> <span class='ocrx_word' id='word_1_40' title='bbox 500 998 533 1058; x_wconf 91' lang='lat' dir='ltr'><strong>in</strong></span> <span class='ocrx_word' id='word_1_41' title='bbox 557 998 651 1058; x_wconf 84' lang='lat' dir='ltr'><strong>titulo</strong></span> <span class='ocrx_word' id='word_1_42' title='bbox 675 997 746 1058; x_wconf 84' lang='lat' dir='ltr'><strong>ClA</strong></span> <span class='ocrx_word' id='word_1_43' title='bbox 769 998 825 1069; x_wconf 88' lang='lat' dir='ltr'><strong>IV,</strong></span> <span class='ocrx_word' id='word_1_44' title='bbox 843 998 868 1071; x_wconf 93' lang='grc' dir='ltr'><strong>Ι,</strong></span> <span class='ocrx_word' id='word_1_45' title='bbox 887 997 951 1059; x_wconf 82' lang='lat' dir='ltr'><strong>27b</strong></span> <span class='ocrx_word' id='word_1_46' title='bbox 965 1023 1001 1048; x_wconf 69' lang='grc' dir='ltr'><strong>τ-</strong></span> <span class='ocrx_word' id='word_1_47' title='bbox 1019 998 1087 1076; x_wconf 87' lang='lat' dir='ltr'><strong>syll.</strong></span> <span class='ocrx_word' id='word_1_48' title='bbox 1111 991 1265 1057; x_wconf 55' lang='lat' dir='ltr'><strong>lutrano}</strong></span> <span class='ocrx_word' id='word_1_49' title='bbox 1285 998 1334 1070; x_wconf 76' lang='lat'><strong>13,</strong></span> <span class='ocrx_word' id='word_1_50' title='bbox 1353 990 1410 1056; x_wconf 80' lang='lat'><strong>²20</strong></span> 
     </span>
     <span class='ocr_line' id='line_1_7' title="bbox 340 1103 1408 1183; baseline -0.002 -19"><span class='ocrx_word' id='word_1_51' title='bbox 340 1103 562 1183; x_wconf 68' lang='lat' dir='ltr'><strong>praescribitur.</strong></span> <span class='ocrx_word' id='word_1_52' title='bbox 622 1110 657 1164; x_wconf 92' lang='lat' dir='ltr'><strong>ut</strong></span> <span class='ocrx_word' id='word_1_53' title='bbox 695 1105 778 1165; x_wconf 92' lang='lat' dir='ltr'><strong>hanc</strong></span> <span class='ocrx_word' id='word_1_54' title='bbox 817 1104 858 1165; x_wconf 90' lang='lat' dir='ltr'><strong>ob</strong></span> <span class='ocrx_word' id='word_1_55' title='bbox 893 1121 959 1164; x_wconf 92' lang='lat' dir='ltr'><strong>rem</strong></span> <span class='ocrx_word' id='word_1_56' title='bbox 994 1104 1111 1165; x_wconf 79' lang='lat' dir='ltr'><strong>festum</strong></span> <span class='ocrx_word' id='word_1_57' title='bbox 1147 1104 1332 1164; x_wconf 86' lang='lat' dir='ltr'><strong>institutum</strong></span> <span class='ocrx_word' id='word_1_58' title='bbox 1357 1103 1408 1175; x_wconf 88' lang='lat' dir='ltr'><strong>sit,</strong></span> 
     </span>
     <span class='ocr_line' id='line_1_8' title="bbox 340 1210 1408 1289; baseline 0.001 -18"><span class='ocrx_word' id='word_1_59' title='bbox 340 1211 407 1271; x_wconf 89' lang='lat' dir='ltr'><strong>lieri</strong></span> <span class='ocrx_word' id='word_1_60' title='bbox 432 1229 496 1271; x_wconf 88' lang='lat' dir='ltr'><strong>non</strong></span> <span class='ocrx_word' id='word_1_61' title='bbox 519 1215 631 1289; x_wconf 88' lang='lat' dir='ltr'><strong>potest.</strong></span> <span class='ocrx_word' id='word_1_62' title='bbox 668 1211 702 1271; x_wconf 91' lang='lat' dir='ltr'><strong>in</strong></span> <span class='ocrx_word' id='word_1_63' title='bbox 726 1210 820 1271; x_wconf 89' lang='lat' dir='ltr'><strong>titulo</strong></span> <span class='ocrx_word' id='word_1_64' title='bbox 836 1211 913 1279; x_wconf 86' lang='lat' dir='ltr'><strong>dies,</strong></span> <span class='ocrx_word' id='word_1_65' title='bbox 930 1230 1004 1273; x_wconf 88' lang='lat' dir='ltr'><strong>cum</strong></span> <span class='ocrx_word' id='word_1_66' title='bbox 1021 1210 1220 1271; x_wconf 74' lang='lat' dir='ltr'><strong>traderentur</strong></span> <span class='ocrx_word' id='word_1_67' title='bbox 1236 1211 1408 1282; x_wconf 83' lang='lat' dir='ltr'><strong>frumenta,</strong></span> 
     </span>
     <span class='ocr_line' id='line_1_9' title="bbox 339 1311 1409 1396; baseline -0.002 -18"><span class='ocrx_word' id='word_1_68' title='bbox 339 1317 531 1378; x_wconf 88' lang='lat' dir='ltr'><strong>const&#39;tutus</strong></span> <span class='ocrx_word' id='word_1_69' title='bbox 566 1335 631 1377; x_wconf 90' lang='lat' dir='ltr'><strong>non</strong></span> <span class='ocrx_word' id='word_1_70' title='bbox 658 1324 714 1388; x_wconf 86' lang='lat' dir='ltr'><strong>est,</strong></span> <span class='ocrx_word' id='word_1_71' title='bbox 740 1318 794 1378; x_wconf 91' lang='lat' dir='ltr'><strong>sed</strong></span> <span class='ocrx_word' id='word_1_72' title='bbox 821 1319 1033 1395; x_wconf 78' lang='lat' dir='ltr'><strong>magistratus,</strong></span> <span class='ocrx_word' id='word_1_73' title='bbox 1058 1320 1113 1396; x_wconf 89' lang='lat' dir='ltr'><strong>qui</strong></span> <span class='ocrx_word' id='word_1_74' title='bbox 1137 1311 1281 1396; x_wconf 80' lang='grc' dir='ltr'>ἱεροποιοὶ</span> <span class='ocrx_word' id='word_1_75' title='bbox 1305 1317 1409 1396; x_wconf 89' lang='lat' dir='ltr'><strong>appel·</strong></span> 
     </span>
     <span class='ocr_line' id='line_1_10' title="bbox 339 1419 1408 1503; baseline -0.003 -18"><span class='ocrx_word' id='word_1_76' title='bbox 339 1426 455 1489; x_wconf 80' lang='lat' dir='ltr'><strong>lentur,</strong></span> <span class='ocrx_word' id='word_1_77' title='bbox 492 1425 691 1484; x_wconf 81' lang='lat' dir='ltr'><strong>trumentum</strong></span> <span class='ocrx_word' id='word_1_78' title='bbox 727 1423 767 1484; x_wconf 90' lang='lat' dir='ltr'><strong>ab</strong></span> <span class='ocrx_word' id='word_1_79' title='bbox 802 1424 851 1497; x_wconf 88' lang='lat' dir='ltr'><strong>iis,</strong></span> <span class='ocrx_word' id='word_1_80' title='bbox 887 1425 943 1502; x_wconf 87' lang='lat' dir='ltr'><strong>qui</strong></span> <span class='ocrx_word' id='word_1_81' title='bbox 977 1424 1010 1484; x_wconf 90' lang='lat' dir='ltr'><strong>id</strong></span> <span class='ocrx_word' id='word_1_82' title='bbox 1046 1424 1215 1502; x_wconf 84' lang='lat' dir='ltr'><strong>exigebant</strong></span> <span class='ocrx_word' id='word_1_83' title='bbox 1239 1419 1408 1503; x_wconf 76' lang='grc' dir='ltr'>(ἒγλογεῐς),</span> 
     </span>
     <span class='ocr_line' id='line_1_11' title="bbox 340 1529 1411 1609; baseline -0.001 -18"><span class='ocrx_word' id='word_1_84' title='bbox 340 1532 423 1591; x_wconf 90' lang='lat' dir='ltr'><strong>intra</strong></span> <span class='ocrx_word' id='word_1_85' title='bbox 458 1530 608 1608; x_wconf 84' lang='lat' dir='ltr'><strong>quintum</strong></span> <span class='ocrx_word' id='word_1_86' title='bbox 644 1530 730 1591; x_wconf 91' lang='lat' dir='ltr'><strong>diem</strong></span> <span class='ocrx_word' id='word_1_87' title='bbox 765 1531 906 1609; x_wconf 86' lang='lat' dir='ltr'><strong>accipere</strong></span> <span class='ocrx_word' id='word_1_88' title='bbox 941 1531 1100 1592; x_wconf 88' lang='lat' dir='ltr'><strong>iubentur.</strong></span> <span class='ocrx_word' id='word_1_89' title='bbox 1160 1550 1231 1608; x_wconf 85' lang='lat' dir='ltr'><strong>ergo</strong></span> <span class='ocrx_word' id='word_1_90' title='bbox 1267 1529 1411 1609; x_wconf 88' lang='lat' dir='ltr'><strong>quolibet</strong></span> 
     </span>
     <span class='ocr_line' id='line_1_12' title="bbox 339 1637 1410 1716; baseline 0.001 -19"><span class='ocrx_word' id='word_1_91' title='bbox 339 1651 483 1716; x_wconf 86' lang='lat' dir='ltr'><strong>tempore</strong></span> <span class='ocrx_word' id='word_1_92' title='bbox 520 1637 603 1697; x_wconf 87' lang='lat' dir='ltr'><strong>tradi</strong></span> <span class='ocrx_word' id='word_1_93' title='bbox 644 1638 755 1715; x_wconf 90' lang='lat' dir='ltr'><strong>potuit.</strong></span> <span class='ocrx_word' id='word_1_94' title='bbox 803 1638 924 1698; x_wconf 87' lang='lat' dir='ltr'><strong>scholio</strong></span> <span class='ocrx_word' id='word_1_95' title='bbox 959 1638 1117 1698; x_wconf 89' lang='lat' dir='ltr'><strong>Lucianeo</strong></span> <span class='ocrx_word' id='word_1_96' title='bbox 1152 1656 1248 1716; x_wconf 88' lang='lat' dir='ltr'><strong>supra</strong></span> <span class='ocrx_word' id='word_1_97' title='bbox 1282 1638 1410 1711; x_wconf 84' lang='lat' dir='ltr'><strong>reiecto,</strong></span> 
     </span>
     <span class='ocr_line' id='line_1_13' title="bbox 340 1744 1410 1823; baseline -0.002 -18"><span class='ocrx_word' id='word_1_98' title='bbox 340 1744 426 1823; x_wconf 92' lang='lat' dir='ltr'><strong>quod</strong></span> <span class='ocrx_word' id='word_1_99' title='bbox 460 1744 500 1804; x_wconf 92' lang='lat' dir='ltr'><strong>ad</strong></span> <span class='ocrx_word' id='word_1_100' title='bbox 537 1744 649 1804; x_wconf 92' lang='lat' dir='ltr'><strong>ulnum</strong></span> <span class='ocrx_word' id='word_1_101' title='bbox 685 1745 802 1805; x_wconf 87' lang='lat' dir='ltr'><strong>festum</strong></span> <span class='ocrx_word' id='word_1_102' title='bbox 838 1744 942 1817; x_wconf 82' lang='lat' dir='ltr'><strong>refert,</strong></span> <span class='ocrx_word' id='word_1_103' title='bbox 978 1750 1084 1818; x_wconf 89' lang='lat' dir='ltr'><strong>restat,</strong></span> <span class='ocrx_word' id='word_1_104' title='bbox 1121 1763 1192 1822; x_wconf 89' lang='lat' dir='ltr'><strong>quae</strong></span> <span class='ocrx_word' id='word_1_105' title='bbox 1220 1746 1410 1817; x_wconf 85' lang='lat' dir='ltr'><strong>excutiatur,</strong></span> 
     </span>
     <span class='ocr_line' id='line_1_14' title="bbox 340 1851 1411 1930; baseline -0.001 -19"><span class='ocrx_word' id='word_1_106' title='bbox 340 1852 445 1930; x_wconf 88' lang='lat' dir='ltr'><strong>prima</strong></span> <span class='ocrx_word' id='word_1_107' title='bbox 478 1852 532 1911; x_wconf 91' lang='lat' dir='ltr'><strong>illa</strong></span> <span class='ocrx_word' id='word_1_108' title='bbox 569 1852 734 1925; x_wconf 86' lang='lat' dir='ltr'><strong>sententia,</strong></span> <span class='ocrx_word' id='word_1_109' title='bbox 768 1869 841 1930; x_wconf 88' lang='lat' dir='ltr'><strong>quae</strong></span> <span class='ocrx_word' id='word_1_110' title='bbox 864 1851 989 1912; x_wconf 87' lang='lat' dir='ltr'><strong>etiamsi</strong></span> <span class='ocrx_word' id='word_1_111' title='bbox 1012 1871 1098 1911; x_wconf 88' lang='lat' dir='ltr'><strong>nunc</strong></span> <span class='ocrx_word' id='word_1_112' title='bbox 1122 1851 1272 1911; x_wconf 89' lang='lat' dir='ltr'><strong>omnibus</strong></span> <span class='ocrx_word' id='word_1_113' title='bbox 1296 1852 1411 1929; x_wconf 77' lang='lat' dir='ltr'><strong>planet,</strong></span> 
     </span>
     <span class='ocr_line' id='line_1_15' title="bbox 341 1957 1412 2035; baseline -0.001 -17"><span class='ocrx_word' id='word_1_114' title='bbox 341 1967 484 2019; x_wconf 88' lang='lat' dir='ltr'><strong>ueterum</strong></span> <span class='ocrx_word' id='word_1_115' title='bbox 522 1959 640 2018; x_wconf 92' lang='lat' dir='ltr'><strong>multos</strong></span> <span class='ocrx_word' id='word_1_116' title='bbox 675 1962 738 2018; x_wconf 89' lang='lat' dir='ltr'><strong>non</strong></span> <span class='ocrx_word' id='word_1_117' title='bbox 766 1959 875 2018; x_wconf 89' lang='lat' dir='ltr'><strong>statim</strong></span> <span class='ocrx_word' id='word_1_118' title='bbox 900 1957 1066 2019; x_wconf 80' lang='lat' dir='ltr'><strong>admisisse</strong></span> <span class='ocrx_word' id='word_1_119' title='bbox 1089 1957 1241 2018; x_wconf 88' lang='lat' dir='ltr'><strong>uidimus.</strong></span> <span class='ocrx_word' id='word_1_120' title='bbox 1289 1975 1353 2035; x_wconf 87' lang='lat' dir='ltr'><strong>qua</strong></span> <span class='ocrx_word' id='word_1_121' title='bbox 1376 1957 1412 2017; x_wconf 87' lang='lat' dir='ltr'><strong>iu</strong></span> 
     </span>
     <span class='ocr_line' id='line_1_16' title="bbox 341 2064 1409 2143; baseline 0 -19"><span class='ocrx_word' id='word_1_122' title='bbox 341 2081 374 2125; x_wconf 88' lang='lat' dir='ltr'><strong>re</strong></span> <span class='ocrx_word' id='word_1_123' title='bbox 398 2066 482 2126; x_wconf 88' lang='lat' dir='ltr'><strong>iusto</strong></span> <span class='ocrx_word' id='word_1_124' title='bbox 506 2065 554 2126; x_wconf 86' lang='lat' dir='ltr'><strong>usi</strong></span> <span class='ocrx_word' id='word_1_125' title='bbox 578 2071 654 2126; x_wconf 86' lang='lat' dir='ltr'><strong>sunt</strong></span> <span class='ocrx_word' id='word_1_126' title='bbox 676 2065 809 2136; x_wconf 86' lang='lat' dir='ltr'><strong>iudicio;</strong></span> <span class='ocrx_word' id='word_1_127' title='bbox 835 2084 911 2125; x_wconf 89' lang='lat' dir='ltr'><strong>nam</strong></span> <span class='ocrx_word' id='word_1_128' title='bbox 935 2064 1107 2143; x_wconf 90' lang='lat' dir='ltr'><strong>quominus</strong></span> <span class='ocrx_word' id='word_1_129' title='bbox 1131 2083 1202 2125; x_wconf 92' lang='lat' dir='ltr'><strong>eam</strong></span> <span class='ocrx_word' id='word_1_130' title='bbox 1226 2064 1409 2142; x_wconf 83' lang='lat' dir='ltr'><strong>probemus,</strong></span> 
     </span>
     <span class='ocr_line' id='line_1_17' title="bbox 341 2171 1410 2250; baseline -0.001 -19"><span class='ocrx_word' id='word_1_131' title='bbox 341 2190 378 2232; x_wconf 93' lang='lat' dir='ltr'><strong>eo</strong></span> <span class='ocrx_word' id='word_1_132' title='bbox 413 2171 629 2250; x_wconf 84' lang='lat' dir='ltr'><strong>prohibemur,</strong></span> <span class='ocrx_word' id='word_1_133' title='bbox 666 2171 751 2249; x_wconf 90' lang='lat' dir='ltr'><strong>quod</strong></span> <span class='ocrx_word' id='word_1_134' title='bbox 787 2191 825 2231; x_wconf 89' lang='lat' dir='ltr'><strong>eo</strong></span> <span class='ocrx_word' id='word_1_135' title='bbox 856 2187 973 2246; x_wconf 87' lang='lat' dir='ltr'><strong>mense,</strong></span> <span class='ocrx_word' id='word_1_136' title='bbox 998 2191 1070 2233; x_wconf 89' lang='lat' dir='ltr'><strong>cum</strong></span> <span class='ocrx_word' id='word_1_137' title='bbox 1096 2171 1200 2231; x_wconf 86' lang='lat' dir='ltr'><strong>Haloa</strong></span> <span class='ocrx_word' id='word_1_138' title='bbox 1224 2171 1410 2249; x_wconf 81' lang='lat' dir='ltr'><strong>agebantur,</strong></span> 
     </span>
     <span class='ocr_line' id='line_1_18' title="bbox 341 2278 1414 2356; baseline 0 -18"><span class='ocrx_word' id='word_1_139' title='bbox 341 2280 540 2338; x_wconf 76' lang='lat' dir='ltr'><strong>frumentum</strong></span> <span class='ocrx_word' id='word_1_140' title='bbox 575 2298 640 2338; x_wconf 89' lang='lat' dir='ltr'><strong>non</strong></span> <span class='ocrx_word' id='word_1_141' title='bbox 663 2278 873 2339; x_wconf 82' lang='lat' dir='ltr'><strong>exterebatur.</strong></span> <span class='ocrx_word' id='word_1_142' title='bbox 921 2284 1041 2339; x_wconf 90' lang='lat' dir='ltr'><strong>ueteres</strong></span> <span class='ocrx_word' id='word_1_143' title='bbox 1065 2279 1150 2339; x_wconf 89' lang='lat' dir='ltr'><strong>enirn</strong></span> <span class='ocrx_word' id='word_1_144' title='bbox 1176 2279 1322 2356; x_wconf 82' lang='lat' dir='ltr'><strong>mergites</strong></span> <span class='ocrx_word' id='word_1_145' title='bbox 1346 2298 1414 2338; x_wconf 92' lang='lat' dir='ltr'><strong>non</strong></span> 
     </span>
     <span class='ocr_line' id='line_1_19' title="bbox 342 2384 1414 2464; baseline 0 -19"><span class='ocrx_word' id='word_1_146' title='bbox 342 2384 531 2459; x_wconf 78' lang='lat' dir='ltr'><strong>condidisse,</strong></span> <span class='ocrx_word' id='word_1_147' title='bbox 567 2392 603 2445; x_wconf 89' lang='lat' dir='ltr'><strong>ut</strong></span> <span class='ocrx_word' id='word_1_148' title='bbox 637 2385 729 2446; x_wconf 86' lang='lat' dir='ltr'><strong>nobis</strong></span> <span class='ocrx_word' id='word_1_149' title='bbox 764 2403 834 2445; x_wconf 90' lang='lat' dir='ltr'><strong>mos</strong></span> <span class='ocrx_word' id='word_1_150' title='bbox 869 2392 925 2460; x_wconf 87' lang='lat' dir='ltr'><strong>est,</strong></span> <span class='ocrx_word' id='word_1_151' title='bbox 961 2385 1015 2446; x_wconf 89' lang='lat' dir='ltr'><strong>sed</strong></span> <span class='ocrx_word' id='word_1_152' title='bbox 1051 2386 1212 2464; x_wconf 85' lang='lat' dir='ltr'><strong>externplo</strong></span> <span class='ocrx_word' id='word_1_153' title='bbox 1247 2385 1307 2446; x_wconf 89' lang='lat' dir='ltr'><strong>sub</strong></span> <span class='ocrx_word' id='word_1_154' title='bbox 1335 2385 1414 2445; x_wconf 91' lang='lat' dir='ltr'><strong>diuo</strong></span> 
     </span>
     <span class='ocr_line' id='line_1_20' title="bbox 342 2492 1413 2571; baseline -0.001 -18"><span class='ocrx_word' id='word_1_155' title='bbox 342 2492 508 2553; x_wconf 85' lang='lat' dir='ltr'><strong>extriuisse</strong></span> <span class='ocrx_word' id='word_1_156' title='bbox 542 2498 660 2553; x_wconf 85' lang='lat' dir='ltr'><strong>norunt</strong></span> <span class='ocrx_word' id='word_1_157' title='bbox 694 2511 818 2564; x_wconf 88' lang='lat' dir='ltr'><strong>omnes;</strong></span> <span class='ocrx_word' id='word_1_158' title='bbox 856 2492 941 2570; x_wconf 88' lang='lat' dir='ltr'><strong>quod</strong></span> <span class='ocrx_word' id='word_1_159' title='bbox 976 2492 1081 2553; x_wconf 88' lang='lat' dir='ltr'><strong>hieme</strong></span> <span class='ocrx_word' id='word_1_160' title='bbox 1116 2493 1227 2571; x_wconf 90' lang='lat' dir='ltr'><strong>pluuia</strong></span> <span class='ocrx_word' id='word_1_161' title='bbox 1255 2493 1321 2552; x_wconf 90' lang='lat' dir='ltr'><strong>fieri</strong></span> <span class='ocrx_word' id='word_1_162' title='bbox 1346 2509 1413 2552; x_wconf 90' lang='lat' dir='ltr'><strong>non</strong></span> 
     </span>
     <span class='ocr_line' id='line_1_21' title="bbox 342 2598 1413 2677; baseline 0 -18"><span class='ocrx_word' id='word_1_163' title='bbox 342 2599 456 2677; x_wconf 86' lang='lat' dir='ltr'><strong>potuit,</strong></span> <span class='ocrx_word' id='word_1_164' title='bbox 492 2598 547 2659; x_wconf 88' lang='lat' dir='ltr'><strong>sed</strong></span> <span class='ocrx_word' id='word_1_165' title='bbox 582 2599 691 2659; x_wconf 83' lang='lat' dir='ltr'><strong>statim</strong></span> <span class='ocrx_word' id='word_1_166' title='bbox 726 2618 828 2659; x_wconf 92' lang='lat' dir='ltr'><strong>messe</strong></span> <span class='ocrx_word' id='word_1_167' title='bbox 862 2599 955 2660; x_wconf 81' lang='lat' dir='ltr'><strong>lacta.</strong></span> <span class='ocrx_word' id='word_1_168' title='bbox 1003 2618 1067 2676; x_wconf 88' lang='lat' dir='ltr'><strong>qua</strong></span> <span class='ocrx_word' id='word_1_169' title='bbox 1101 2599 1134 2658; x_wconf 87' lang='lat' dir='ltr'><strong>in</strong></span> <span class='ocrx_word' id='word_1_170' title='bbox 1165 2619 1197 2659; x_wconf 92' lang='lat' dir='ltr'><strong>re</strong></span> <span class='ocrx_word' id='word_1_171' title='bbox 1221 2599 1413 2672; x_wconf 89' lang='lat' dir='ltr'><strong>Hesiodum,</strong></span> 
     </span>
     <span class='ocr_line' id='line_1_22' title="bbox 342 2705 1412 2784; baseline 0 -19"><span class='ocrx_word' id='word_1_172' title='bbox 342 2705 495 2766; x_wconf 90' lang='lat' dir='ltr'><strong>idoneum</strong></span> <span class='ocrx_word' id='word_1_173' title='bbox 518 2713 689 2779; x_wconf 81' lang='lat' dir='ltr'><strong>auctorem,</strong></span> <span class='ocrx_word' id='word_1_174' title='bbox 715 2721 838 2784; x_wconf 88' lang='lat' dir='ltr'><strong>sequor,</strong></span> <span class='ocrx_word' id='word_1_175' title='bbox 864 2706 919 2784; x_wconf 90' lang='lat' dir='ltr'><strong>qui</strong></span> <span class='ocrx_word' id='word_1_176' title='bbox 943 2725 994 2784; x_wconf 92' lang='lat' dir='ltr'><strong>op.</strong></span> <span class='ocrx_word' id='word_1_177' title='bbox 1020 2721 1050 2766; x_wconf 88' lang='lat' dir='ltr'><strong>u.</strong></span> <span class='ocrx_word' id='word_1_178' title='bbox 1077 2705 1140 2767; x_wconf 81' lang='lat'><strong>597</strong></span> <span class='ocrx_word' id='word_1_179' title='bbox 1165 2724 1225 2784; x_wconf 86' lang='lat' dir='ltr'><strong>sqq</strong></span> <span class='ocrx_word' id='word_1_180' title='bbox 1240 2707 1412 2783; x_wconf 82' lang='lat' dir='ltr'><strong>agricolam</strong></span> 
     </span>
     <span class='ocr_line' id='line_1_23' title="bbox 342 2811 1414 2874; baseline 0 -2"><span class='ocrx_word' id='word_1_181' title='bbox 342 2813 541 2874; x_wconf 83' lang='lat' dir='ltr'><strong>frumentum</strong></span> <span class='ocrx_word' id='word_1_182' title='bbox 566 2813 681 2874; x_wconf 86' lang='lat' dir='ltr'><strong>Orione</strong></span> <span class='ocrx_word' id='word_1_183' title='bbox 704 2813 824 2873; x_wconf 87' lang='lat' dir='ltr'><strong>oriente</strong></span> <span class='ocrx_word' id='word_1_184' title='bbox 847 2814 867 2873; x_wconf 91' lang='lat' dir='ltr'><strong>i.</strong></span> <span class='ocrx_word' id='word_1_185' title='bbox 893 2831 918 2872; x_wconf 89' lang='lat' dir='ltr'><strong>e.</strong></span> <span class='ocrx_word' id='word_1_186' title='bbox 945 2811 996 2873; x_wconf 90' lang='lat' dir='ltr'><strong>die</strong></span> <span class='ocrx_word' id='word_1_187' title='bbox 1019 2813 1075 2872; x_wconf 87' lang='lat' dir='ltr'><strong>IX.</strong></span> <span class='ocrx_word' id='word_1_188' title='bbox 1103 2813 1176 2873; x_wconf 89' lang='lat' dir='ltr'><strong>Iulii</strong></span> <span class='ocrx_word' id='word_1_189' title='bbox 1199 2813 1254 2873; x_wconf 89' lang='lat' dir='ltr'><strong>iul.</strong></span> <span class='ocrx_word' id='word_1_190' title='bbox 1273 2824 1414 2873; x_wconf 82' lang='lat' dir='ltr'><strong>exterere</strong></span> 
     </span>
     <span class='ocr_line' id='line_1_24' title="bbox 342 2912 1411 3000; baseline 0 -21"><span class='ocrx_word' id='word_1_191' title='bbox 342 2920 439 2980; x_wconf 90' lang='lat' dir='ltr'><strong>iubet.</strong></span> <span class='ocrx_word' id='word_1_192' title='bbox 465 2920 504 2979; x_wconf 84' lang='lat' dir='ltr'><strong>cf.</strong></span> <span class='ocrx_word' id='word_1_193' title='bbox 530 2920 667 2997; x_wconf 85' lang='lat' dir='ltr'><strong>glossam</strong></span> <span class='ocrx_word' id='word_1_194' title='bbox 692 2920 812 2980; x_wconf 81' lang='lat' dir='ltr'><strong>Suidae:</strong></span> <span class='ocrx_word' id='word_1_195' title='bbox 839 2914 980 3000; x_wconf 75' lang='grc' dir='ltr'>ἀλοητός·</span> <span class='ocrx_word' id='word_1_196' title='bbox 1005 2913 1021 2978; x_wconf 80' lang='grc' dir='ltr'>ὁ</span> <span class='ocrx_word' id='word_1_197' title='bbox 1045 2912 1151 2998; x_wconf 73' lang='grc' dir='ltr'>καιρὸς</span> <span class='ocrx_word' id='word_1_198' title='bbox 1175 2927 1225 2978; x_wconf 77' lang='grc' dir='ltr'><strong>τοῦ</strong></span> <span class='ocrx_word' id='word_1_199' title='bbox 1250 2917 1363 2996; x_wconf 63' lang='grc' dir='ltr'>θέρους</span> <span class='ocrx_word' id='word_1_200' title='bbox 1378 2914 1411 2997; x_wconf 82' lang='lat'><strong>¹).</strong></span> 
     </span>
     <span class='ocr_line' id='line_1_25' title="bbox 344 3025 1414 3104; baseline 0.001 -19"><span class='ocrx_word' id='word_1_201' title='bbox 344 3025 553 3104; x_wconf 88' lang='lat' dir='ltr'><strong>quamobrem</strong></span> <span class='ocrx_word' id='word_1_202' title='bbox 588 3026 693 3086; x_wconf 90' lang='lat' dir='ltr'><strong>Haloa</strong></span> <span class='ocrx_word' id='word_1_203' title='bbox 727 3026 880 3086; x_wconf 86' lang='lat' dir='ltr'><strong>frumenti</strong></span> <span class='ocrx_word' id='word_1_204' title='bbox 914 3027 1021 3086; x_wconf 86' lang='lat' dir='ltr'><strong>extriti</strong></span> <span class='ocrx_word' id='word_1_205' title='bbox 1045 3044 1140 3087; x_wconf 88' lang='lat' dir='ltr'><strong>causa</strong></span> <span class='ocrx_word' id='word_1_206' title='bbox 1163 3034 1234 3086; x_wconf 87' lang='lat' dir='ltr'><strong>acta</strong></span> <span class='ocrx_word' id='word_1_207' title='bbox 1256 3043 1414 3086; x_wconf 88' lang='lat' dir='ltr'><strong>essenon</strong></span> 
     </span>
     <span class='ocr_line' id='line_1_26' title="bbox 343 3126 1414 3213; baseline 0 -19"><span class='ocrx_word' id='word_1_208' title='bbox 343 3141 478 3212; x_wconf 87' lang='lat' dir='ltr'><strong>possunt</strong></span> <span class='ocrx_word' id='word_1_209' title='bbox 492 3126 523 3213; x_wconf 73' lang='lat'><strong>²).</strong></span> <span class='ocrx_word' id='word_1_210' title='bbox 583 3145 654 3210; x_wconf 84' lang='lat' dir='ltr'><strong>quae</strong></span> <span class='ocrx_word' id='word_1_211' title='bbox 692 3133 835 3211; x_wconf 88' lang='lat' dir='ltr'><strong>opinatio</strong></span> <span class='ocrx_word' id='word_1_212' title='bbox 870 3153 906 3193; x_wconf 91' lang='lat' dir='ltr'><strong>eo</strong></span> <span class='ocrx_word' id='word_1_213' title='bbox 941 3138 1034 3193; x_wconf 88' lang='lat' dir='ltr'><strong>aucta</strong></span> <span class='ocrx_word' id='word_1_214' title='bbox 1069 3139 1125 3205; x_wconf 84' lang='lat' dir='ltr'><strong>est,</strong></span> <span class='ocrx_word' id='word_1_215' title='bbox 1162 3134 1246 3210; x_wconf 91' lang='lat' dir='ltr'><strong>quod</strong></span> <span class='ocrx_word' id='word_1_216' title='bbox 1283 3133 1414 3194; x_wconf 88' lang='lat' dir='ltr'><strong>alterius</strong></span> 
     </span>
    </p>
   </div>
   <div class='ocr_carea' id='block_1_3' title="bbox 344 3307 1415 4176">
    <p class='ocr_par' dir='ltr' id='par_1_3' title="bbox 344 3307 1414 3717">
     <span class='ocr_line' id='line_1_27' title="bbox 454 3307 1414 3373; baseline 0 -13"><span class='ocrx_word' id='word_1_217' title='bbox 454 3308 472 3370; x_wconf 76' lang='lat'><strong>²)</strong></span> <span class='ocrx_word' id='word_1_218' title='bbox 489 3309 607 3360; x_wconf 85' lang='lat' dir='ltr'><strong>Festum</strong></span> <span class='ocrx_word' id='word_1_219' title='bbox 635 3323 764 3360; x_wconf 87' lang='lat' dir='ltr'><strong>arearum</strong></span> <span class='ocrx_word' id='word_1_220' title='bbox 792 3307 951 3359; x_wconf 88' lang='lat' dir='ltr'><strong>Posideone</strong></span> <span class='ocrx_word' id='word_1_221' title='bbox 973 3322 1072 3358; x_wconf 89' lang='lat' dir='ltr'><strong>mense</strong></span> <span class='ocrx_word' id='word_1_222' title='bbox 1091 3308 1136 3373; x_wconf 87' lang='lat' dir='ltr'><strong>agi</strong></span> <span class='ocrx_word' id='word_1_223' title='bbox 1155 3323 1213 3359; x_wconf 88' lang='lat' dir='ltr'><strong>non</strong></span> <span class='ocrx_word' id='word_1_224' title='bbox 1233 3323 1318 3373; x_wconf 87' lang='lat' dir='ltr'><strong>posse</strong></span> <span class='ocrx_word' id='word_1_225' title='bbox 1336 3313 1414 3360; x_wconf 82' lang='lat' dir='ltr'><strong>recte</strong></span> 
     </span>
     <span class='ocr_line' id='line_1_28' title="bbox 344 3395 1413 3463; baseline -0.001 -13"><span class='ocrx_word' id='word_1_226' title='bbox 344 3398 510 3450; x_wconf 86' lang='lat' dir='ltr'><strong>obseruauit</strong></span> <span class='ocrx_word' id='word_1_227' title='bbox 537 3395 657 3463; x_wconf 80' lang='lat' dir='ltr'><strong>Corsini,</strong></span> <span class='ocrx_word' id='word_1_228' title='bbox 686 3397 764 3449; x_wconf 88' lang='lat' dir='ltr'><strong>Fasti</strong></span> <span class='ocrx_word' id='word_1_229' title='bbox 792 3402 841 3449; x_wconf 88' lang='lat' dir='ltr'><strong>att.</strong></span> <span class='ocrx_word' id='word_1_230' title='bbox 870 3396 907 3461; x_wconf 90' lang='lat' dir='ltr'><strong>H,</strong></span> <span class='ocrx_word' id='word_1_231' title='bbox 927 3413 946 3463; x_wconf 92' lang='lat' dir='ltr'><strong>p</strong></span> <span class='ocrx_word' id='word_1_232' title='bbox 964 3395 1026 3460; x_wconf 80' lang='lat'><strong>304,</strong></span> <span class='ocrx_word' id='word_1_233' title='bbox 1045 3397 1095 3448; x_wconf 88' lang='lat' dir='ltr'><strong>sed</strong></span> <span class='ocrx_word' id='word_1_234' title='bbox 1114 3396 1272 3448; x_wconf 90' lang='lat' dir='ltr'><strong>remedium</strong></span> <span class='ocrx_word' id='word_1_235' title='bbox 1291 3413 1413 3463; x_wconf 89' lang='lat' dir='ltr'><strong>prauum</strong></span> 
     </span>
     <span class='ocr_line' id='line_1_29' title="bbox 345 3485 1414 3539; baseline 0.001 -2"><span class='ocrx_word' id='word_1_236' title='bbox 345 3486 485 3538; x_wconf 85' lang='lat' dir='ltr'><strong>adhibens</strong></span> <span class='ocrx_word' id='word_1_237' title='bbox 513 3486 543 3537; x_wconf 92' lang='lat' dir='ltr'><strong>in</strong></span> <span class='ocrx_word' id='word_1_238' title='bbox 572 3487 843 3539; x_wconf 85' lang='lat' dir='ltr'><strong>Hecatombaeonem</strong></span> <span class='ocrx_word' id='word_1_239' title='bbox 863 3486 892 3537; x_wconf 94' lang='lat' dir='ltr'><strong>id</strong></span> <span class='ocrx_word' id='word_1_240' title='bbox 910 3487 1065 3538; x_wconf 77' lang='lat' dir='ltr'><strong>transferre</strong></span> <span class='ocrx_word' id='word_1_241' title='bbox 1084 3490 1203 3538; x_wconf 86' lang='lat' dir='ltr'><strong>conatus</strong></span> <span class='ocrx_word' id='word_1_242' title='bbox 1223 3490 1275 3538; x_wconf 84' lang='lat' dir='ltr'><strong>est.</strong></span> <span class='ocrx_word' id='word_1_243' title='bbox 1312 3485 1414 3538; x_wconf 88' lang='lat' dir='ltr'><strong>cadem</strong></span> 
     </span>
     <span class='ocr_line' id='line_1_30' title="bbox 345 3574 1414 3641; baseline 0 -14"><span class='ocrx_word' id='word_1_244' title='bbox 345 3576 380 3627; x_wconf 93' lang='lat' dir='ltr'><strong>de</strong></span> <span class='ocrx_word' id='word_1_245' title='bbox 399 3589 486 3628; x_wconf 89' lang='lat' dir='ltr'><strong>causa</strong></span> <span class='ocrx_word' id='word_1_246' title='bbox 503 3576 666 3627; x_wconf 89' lang='lat' dir='ltr'><strong>Mommsen</strong></span> <span class='ocrx_word' id='word_1_247' title='bbox 685 3576 760 3627; x_wconf 86' lang='lat' dir='ltr'><strong>Fest.</strong></span> <span class='ocrx_word' id='word_1_248' title='bbox 779 3576 847 3627; x_wconf 80' lang='lat' dir='ltr'><strong>Ath.</strong></span> <span class='ocrx_word' id='word_1_249' title='bbox 868 3592 894 3641; x_wconf 82' lang='lat' dir='ltr'><strong>p.</strong></span> <span class='ocrx_word' id='word_1_250' title='bbox 913 3575 967 3628; x_wconf 79' lang='lat'><strong>365</strong></span> <span class='ocrx_word' id='word_1_251' title='bbox 985 3575 1015 3626; x_wconf 87' lang='lat' dir='ltr'><strong>id</strong></span> <span class='ocrx_word' id='word_1_252' title='bbox 1034 3576 1070 3627; x_wconf 88' lang='lat' dir='ltr'><strong>ab</strong></span> <span class='ocrx_word' id='word_1_253' title='bbox 1089 3574 1198 3640; x_wconf 86' lang='lat' dir='ltr'><strong>origine</strong></span> <span class='ocrx_word' id='word_1_254' title='bbox 1212 3575 1414 3641; x_wconf 86' lang='lat' dir='ltr'><strong>Pyanopsione</strong></span> 
     </span>
     <span class='ocr_line' id='line_1_31' title="bbox 345 3665 618 3717; baseline 0 0"><span class='ocrx_word' id='word_1_255' title='bbox 345 3669 439 3717; x_wconf 88' lang='lat' dir='ltr'><strong>actum</strong></span> <span class='ocrx_word' id='word_1_256' title='bbox 459 3680 523 3716; x_wconf 88' lang='lat' dir='ltr'><strong>esse</strong></span> <span class='ocrx_word' id='word_1_257' title='bbox 541 3665 618 3717; x_wconf 89' lang='lat' dir='ltr'><strong>dicit.</strong></span> 
     </span>
    </p>

    <p class='ocr_par' dir='ltr' id='par_1_4' title="bbox 345 3751 1415 4176">
     <span class='ocr_line' id='line_1_32' title="bbox 453 3751 1414 3820; baseline 0 -14"><span class='ocrx_word' id='word_1_258' title='bbox 453 3751 573 3819; x_wconf 86' lang='lat' dir='ltr'><strong>²)Paus.</strong></span> <span class='ocrx_word' id='word_1_259' title='bbox 602 3756 624 3820; x_wconf 93' lang='lat' dir='ltr'><strong>I,</strong></span> <span class='ocrx_word' id='word_1_260' title='bbox 652 3753 695 3820; x_wconf 80' lang='lat'><strong>38,</strong></span> <span class='ocrx_word' id='word_1_261' title='bbox 723 3755 748 3818; x_wconf 83' lang='lat'><strong>6,</strong></span> <span class='ocrx_word' id='word_1_262' title='bbox 777 3759 809 3806; x_wconf 91' lang='lat' dir='ltr'><strong>ut</strong></span> <span class='ocrx_word' id='word_1_263' title='bbox 827 3755 927 3807; x_wconf 84' lang='lat' dir='ltr'><strong>Helois</strong></span> <span class='ocrx_word' id='word_1_264' title='bbox 947 3755 1021 3806; x_wconf 88' lang='lat' dir='ltr'><strong>hanc</strong></span> <span class='ocrx_word' id='word_1_265' title='bbox 1040 3760 1170 3807; x_wconf 87' lang='lat' dir='ltr'><strong>naturam</strong></span> <span class='ocrx_word' id='word_1_266' title='bbox 1190 3754 1281 3807; x_wconf 73' lang='lat' dir='ltr'><strong>tuisse</strong></span> <span class='ocrx_word' id='word_1_267' title='bbox 1299 3755 1414 3806; x_wconf 86' lang='lat' dir='ltr'><strong>demon-</strong></span> 
     </span>
     <span class='ocr_line' id='line_1_33' title="bbox 345 3843 1413 3910; baseline 0 -15"><span class='ocrx_word' id='word_1_268' title='bbox 345 3848 458 3908; x_wconf 88' lang='lat' dir='ltr'><strong>stretur,</strong></span> <span class='ocrx_word' id='word_1_269' title='bbox 490 3843 618 3896; x_wconf 84' lang='lat' dir='ltr'><strong>adhiberi</strong></span> <span class='ocrx_word' id='word_1_270' title='bbox 647 3844 754 3909; x_wconf 85' lang='lat' dir='ltr'><strong>nequit.</strong></span> <span class='ocrx_word' id='word_1_271' title='bbox 799 3843 943 3908; x_wconf 90' lang='lat' dir='ltr'><strong>isquidem</strong></span> <span class='ocrx_word' id='word_1_272' title='bbox 970 3859 1102 3910; x_wconf 87' lang='lat' dir='ltr'><strong>campum</strong></span> <span class='ocrx_word' id='word_1_273' title='bbox 1131 3843 1259 3895; x_wconf 86' lang='lat' dir='ltr'><strong>rlrarium</strong></span> <span class='ocrx_word' id='word_1_274' title='bbox 1288 3844 1413 3910; x_wconf 87' lang='lat' dir='ltr'><strong>primum</strong></span> 
     </span>
     <span class='ocr_line' id='line_1_34' title="bbox 345 3928 1415 4000; baseline -0.002 -16"><span class='ocrx_word' id='word_1_275' title='bbox 345 3932 487 3984; x_wconf 83' lang='lat' dir='ltr'><strong>consitum</strong></span> <span class='ocrx_word' id='word_1_276' title='bbox 519 3947 582 3983; x_wconf 87' lang='lat' dir='ltr'><strong>esse</strong></span> <span class='ocrx_word' id='word_1_277' title='bbox 610 3937 714 3997; x_wconf 85' lang='lat' dir='ltr'><strong>narrat,</strong></span> <span class='ocrx_word' id='word_1_278' title='bbox 742 3933 773 3984; x_wconf 91' lang='lat' dir='ltr'><strong>in</strong></span> <span class='ocrx_word' id='word_1_279' title='bbox 800 3948 858 3998; x_wconf 86' lang='lat' dir='ltr'><strong>quo</strong></span> <span class='ocrx_word' id='word_1_280' title='bbox 886 3930 960 3992; x_wconf 79' lang='grc' dir='ltr'>ἅλως</span> <span class='ocrx_word' id='word_1_281' title='bbox 987 3928 1145 4000; x_wconf 73' lang='grc' dir='ltr'>καλουμένη</span> <span class='ocrx_word' id='word_1_282' title='bbox 1166 3928 1349 4000; x_wconf 75' lang='grc' dir='ltr'>Τριπτολέμου</span> <span class='ocrx_word' id='word_1_283' title='bbox 1368 3931 1415 3982; x_wconf 79' lang='grc' dir='ltr'><strong>καὶ</strong></span> 
     </span>
     <span class='ocr_line' id='line_1_35' title="bbox 347 4018 1412 4089; baseline 0.003 -20"><span class='ocrx_word' id='word_1_284' title='bbox 347 4020 438 4089; x_wconf 83' lang='grc' dir='ltr'>βωμὸς</span> <span class='ocrx_word' id='word_1_285' title='bbox 457 4018 593 4073; x_wconf 68' lang='grc' dir='ltr'>δείκνυται.</span> <span class='ocrx_word' id='word_1_286' title='bbox 631 4022 705 4073; x_wconf 88' lang='lat' dir='ltr'><strong>hanc</strong></span> <span class='ocrx_word' id='word_1_287' title='bbox 727 4037 822 4073; x_wconf 89' lang='lat' dir='ltr'><strong>aream</strong></span> <span class='ocrx_word' id='word_1_288' title='bbox 842 4038 906 4073; x_wconf 87' lang='lat' dir='ltr'><strong>cum</strong></span> <span class='ocrx_word' id='word_1_289' title='bbox 926 4019 1027 4073; x_wconf 85' lang='lat' dir='ltr'><strong>Haleis</strong></span> <span class='ocrx_word' id='word_1_290' title='bbox 1047 4021 1219 4085; x_wconf 86' lang='lat' dir='ltr'><strong>coniungere</strong></span> <span class='ocrx_word' id='word_1_291' title='bbox 1232 4020 1412 4073; x_wconf 80' lang='lat' dir='ltr'><strong>arbitrarium</strong></span> 
     </span>
     <span class='ocr_line' id='line_1_36' title="bbox 346 4109 1414 4176; baseline -0.001 -14"><span class='ocrx_word' id='word_1_292' title='bbox 346 4115 398 4163; x_wconf 86' lang='lat' dir='ltr'><strong>est.</strong></span> <span class='ocrx_word' id='word_1_293' title='bbox 435 4110 511 4175; x_wconf 88' lang='lat' dir='ltr'><strong>quod</strong></span> <span class='ocrx_word' id='word_1_294' title='bbox 539 4111 585 4162; x_wconf 91' lang='lat' dir='ltr'><strong>hic</strong></span> <span class='ocrx_word' id='word_1_295' title='bbox 614 4126 732 4176; x_wconf 88' lang='lat' dir='ltr'><strong>campus</strong></span> <span class='ocrx_word' id='word_1_296' title='bbox 761 4110 870 4176; x_wconf 89' lang='lat' dir='ltr'><strong>primus</strong></span> <span class='ocrx_word' id='word_1_297' title='bbox 898 4111 1026 4162; x_wconf 82' lang='lat' dir='ltr'><strong>consitus</strong></span> <span class='ocrx_word' id='word_1_298' title='bbox 1055 4115 1123 4176; x_wconf 89' lang='lat' dir='ltr'><strong>erat,</strong></span> <span class='ocrx_word' id='word_1_299' title='bbox 1151 4110 1191 4162; x_wconf 93' lang='lat' dir='ltr'><strong>ibi</strong></span> <span class='ocrx_word' id='word_1_300' title='bbox 1215 4109 1302 4162; x_wconf 89' lang='lat' dir='ltr'><strong>etiarn</strong></span> <span class='ocrx_word' id='word_1_301' title='bbox 1321 4111 1414 4176; x_wconf 87' lang='lat' dir='ltr'><strong>prima</strong></span> 
     </span>
    </p>
   </div>
   <div class='ocr_carea' id='block_1_4' title="bbox 0 0 1625 5034">
    <p class='ocr_par' dir='ltr' id='par_1_5' title="bbox 0 0 1625 5034">
     <span class='ocr_line' id='line_1_37' title="bbox 0 0 1625 5034; baseline 0 0"><span class='ocrx_word' id='word_1_302' title='bbox 0 0 1625 5034; x_wconf 95' lang='lat' dir='ltr'><strong> </strong></span> 
     </span>
    </p>
   </div>
  </div>
 </body>
</html>
