3225 5034
771 399 944 460 .-52-.

321 579 487 653 wenipctear
515 579 573 651 fur
595 578 641 637 die
664 579 753 639 altere
774 578 841 637 Zeit
852 572 884 657 ¹),
909 575 1067 638 identisch
1091 576 1195 639 sind».
1243 576 1297 638 sed
1321 577 1389 637 siue

323 685 437 746 Lenaea
471 683 557 745 aliud
593 703 710 744 nomen
735 683 1019 757 Anthesteriorum,
1044 684 1112 745 siue
1136 683 1199 744 diei
1223 684 1389 745 Antheste·

322 792 441 852 riorum
476 810 593 852 nomen
629 796 704 864 erat,
740 790 871 869 cogitari
905 809 970 850 non
993 796 1097 870 potest
1121 789 1331 851 Anthesteriis
1355 789 1389 849 in

322 918 431 960 mense
465 904 497 959 et
530 898 599 960 loco
633 917 690 959 suo
715 897 919 958 manentibus
943 916 1052 958 mense
1075 897 1272 977 praecedente
1295 896 1389 957 ferias

322 1025 423 1066 nouas
448 1006 610 1067 inst'tutas
634 1024 711 1078 esse,
736 1003 853 1083 quibus
876 1024 994 1065 nomen
1017 1006 1153 1067 alterum
1177 1002 1387 1065 Anthesterio·

322 1132 394 1173 rum
428 1112 606 1185 indebatur‚
643 1113 703 1180 uel,
729 1115 764 1172 ut
794 1111 840 1171 ite
862 1111 978 1185 dicam,
1002 1110 1087 1172 diem
1113 1110 1389 1172 Anthesteriorum

322 1238 430 1280 mense
468 1225 672 1298 antecaptum
707 1236 783 1279 esse.
843 1219 924 1279 festa
957 1237 1041 1278 noue
1076 1219 1169 1278 nouis
1203 1216 1389 1278 nominibus

322 1304 502 1400 constituta,
539 1331 646 1387 uetera
680 1325 798 1385 maiore
834 1344 908 1385 cum
932 1325 1099 1403 splendore
1123 1324 1237 1386 diebus
1259 1322 1387 1396 additis,

322 1433 376 1494 sed
416 1433 528 1493 eodem
562 1437 704 1512 tempore
739 1436 834 1510 atque
869 1439 962 1492 antea
996 1440 1075 1501 acta,
1111 1441 1239 1510 tempus
1274 1429 1389 1491 ueteris

321 1540 394 1601 festi
428 1540 558 1600 nomine
588 1545 709 1600 retento
732 1557 930 1616 quamquam
953 1539 1112 1600 rarissime
1137 1543 1298 1599 mutatum
1322 1554 1390 1597 esse

322 1646 487 1720 nouimus;
511 1646 566 1707 sed
590 1646 658 1707 haeo
681 1645 846 1706 translatio
871 1647 951 1706 mira
974 1652 1005 1705 et
1028 1646 1171 1706 moribus
1193 1645 1302 1723 graeois
1318 1662 1390 1704 con·

321 1753 417 1814 traria
440 1758 495 1814 est.
543 1753 569 1814 si
594 1753 802 1813 Athenienses
825 1751 918 1813 ludos
942 1753 1090 1813 scaenicos
1115 1752 1390 1813 Anthesteriorum

322 1859 515 1939 amplificare
561 1859 730 1933 noluerint,
773 1858 859 1919 diem
900 1859 1008 1920 diesue
1046 1858 1161 1919 addere
1200 1864 1388 1937 potuerunt;

322 1966 436 2045 quodsi
460 1959 475 2025 ὁ
500 1960 547 2024 ἐπὶ
573 1961 697 2047 Ληναίῳ
714 1960 793 2041 ἀγὼν
811 1965 851 2026 ab
867 1965 986 2043 origine
1002 1966 1114 2027 fuisset
1130 1966 1209 2027 ritus
1223 1965 1390 2026 Antheste·

322 2074 441 2133 riorum
475 2073 624 2150 religione
658 2073 809 2146 sancitus,
837 2092 1016 2152 numquam
1040 2072 1081 2133 ab
1105 2070 1143 2134 iis
1168 2072 1278 2133 diuelli
1301 2078 1332 2132 et
1355 2072 1389 2132 in

323 2198 465 2241 mensem
499 2179 730 2259 praecedentem
763 2180 926 2241 transferri
949 2179 1062 2258 potuit.
1111 2179 1320 2258 quamobrem
1344 2178 1389 2239 ui·

322 2286 464 2360 desimus,
497 2305 576 2346 num
599 2285 697 2348 uerba
719 2285 917 2364 Thucydidis
940 2287 995 2347 illo
1018 2291 1144 2347 tantum
1169 2285 1265 2347 modo
1288 2286 1390 2367 accipi

322 2392 453 2474 possint.
501 2393 653 2472 Dionysia
671 2393 805 2471 agrestia
829 2393 884 2453 illa
907 2399 998 2454 aetate
1022 2401 1092 2454 acta
1115 2412 1182 2454 esse
1206 2393 1333 2465 scimus,
1358 2398 1390 2453 et

322 2519 438 2577 magna
472 2519 546 2561 cum
581 2500 739 2561 hilaritate
767 2506 799 2561 et
821 2499 937 2577 gaudio
960 2506 1033 2579 post
1055 2519 1111 2561 sex
1134 2518 1235 2561 annos
1258 2499 1389 2560 tandem
1438 2556 1451 2576 „

322 2625 359 2667 ea
371 2605 526 2667 celebrare
540 2607 806 2685 Aristophaneum
821 2606 1068 2686 Dicaeopolidem
1083 2607 1238 2668 uidemus.
1264 2605 1390 2666 etiamsi

322 2712 465 2775 Gilberto
488 2712 598 2774 eodem
624 2715 688 2774 fere
710 2719 854 2793 tempore
878 2733 941 2792 quo
964 2713 1167 2775 Anthesteria
1189 2713 1209 2773 i.
1228 2733 1253 2773 e.
1272 2713 1389 2773 Anthe-

321 2820 456 2882 sterione
483 2840 520 2880 ea
543 2825 613 2881 acta
636 2839 703 2901 esse
727 2820 941 2894 concedimus,
966 2820 1030 2881 duo
1053 2826 1162 2881 tamen
1186 2820 1267 2881 festa
1290 2826 1388 2881 erant.

321 2929 387 2988 iam
411 2946 428 2988 e
451 2927 590 3001 nomine,
615 2946 679 3005 quo
702 2928 804 2989 utitur
830 2927 1055 3006 Aristophanes
1080 2928 1157 2988 Ach.
1177 2927 1251 3000 202,
1269 2926 1305 2985 τὰ
1321 2921 1388 2985 κατ’

323 3028 434 3112 ἀγροὺς
457 3029 608 3110 Acerbum,
632 3053 705 3095 cum
730 3035 840 3095 ceteris
864 3053 901 3094 ea
923 3035 1056 3094 coniusa
1079 3053 1143 3094 non
1164 3052 1231 3094 esse
1248 3039 1388 3112 apparet.

321 3147 412 3202 terna
449 3140 546 3218 igitur
579 3140 732 3219 Dionysia
765 3145 858 3201 aetate
895 3139 968 3200 belli
1002 3140 1257 3220 peloponnesiaci
1292 3140 1390 3200 fuisse

322 3252 444 3309 certum
480 3253 540 3320 est3
576 3247 683 3325 itaque
718 3247 955 3326 comparatiuus
979 3266 1051 3308 cum
1075 3266 1108 3307 re
1132 3266 1196 3307 non
1220 3246 1388 3319 consentit,

323 3354 350 3415 si
373 3353 582 3415 Anthesteriis
598 3354 738 3433 exceptis
754 3373 856 3414 unum
873 3358 1000 3414 tantum
1017 3354 1115 3414 fuisse
1130 3354 1249 3414 festum
1262 3351 1388 3424 Bacchi,

323 3459 408 3538 quod
444 3461 600 3522 recentius
634 3466 726 3534 esset,
760 3480 797 3521 eo
820 3460 989 3538 significari
1013 3479 1139 3521 necesse
1162 3478 1229 3521 esse
1252 3459 1388 3520 ducitur.

323 3585 399 3626 nam
423 3567 450 3627 si
473 3567 542 3628 uim
564 3567 699 3645 logicam
720 3567 890 3628 uerborum
906 3586 1047 3646 premere
1063 3566 1150 3639 libet,
1167 3564 1389 3644 Thucydidem

322 3672 475 3751 Dionysia
509 3674 642 3751 agrestia
676 3681 707 3735 et
741 3673 953 3748 Anthesteria,
979 3673 1063 3752 quod
1088 3673 1200 3734 eodem
1224 3675 1288 3733 fere
1311 3680 1389 3733 tem·

322 3797 398 3859 pore
436 3786 610 3857 agerentur,
650 3801 707 3860 pro
746 3800 811 3842 uno
848 3781 929 3842 festo
967 3780 1116 3841 habuisse
1152 3781 1202 3840 uel
1237 3778 1391 3857 Dionysia

322 3886 465 3965 agrestia,
505 3886 590 3965 quod
630 3888 663 3947 in
699 3887 800 3949 demis
837 3888 1077 3957 celebrarentur,
1116 3905 1180 3946 non
1215 3886 1390 3965 respexisse

323 4001 432 4055 contra
466 3993 569 4054 dicere
596 3995 766 4065 nonlicet,
791 4001 828 4056 ut
851 3993 983 4063 Gilbert
1008 3993 1063 4071 qui
1087 4012 1118 4071 p.
1147 3993 1207 4053 143
1232 3992 1389 4071 Thucydi·

434 4113 452 4182 ¹)
471 4117 540 4168 Haec
558 4116 647 4169 uerba
666 4131 718 4182 ego
737 4115 814 4183 typis
834 4115 958 4181 obliquis
976 4114 1083 4167 notaui.
