3225 5034
770 421 947 482 ..18-

328 602 476 672 habebat,
501 607 537 661 ut
560 599 764 661 Plutarchum
790 599 941 676 corrigere
960 605 1074 678 posset.
1122 598 1309 659 Lenaeouern
1327 617 1391 658 non

328 709 507 780 Bucatium,
532 706 586 768 sed
612 725 764 779 mensem,
789 706 843 783 qui
869 706 955 766 hune
974 705 1188 784 subsequitur,
1205 705 1391 765 Hermaeum

328 834 395 876 esse
426 813 598 883 contendit,
622 814 792 891 locumque
817 813 956 873 Hermaei
980 819 1072 886 recte,
1097 822 1133 872 ut
1156 812 1307 883 uidimus,
1333 812 1393 872 Ga·

328 922 497 983 mellonem
525 921 659 982 afferens
683 917 803 981 definit.
851 926 887 980 ut
910 919 971 980 hoc
994 920 1157 999 approbet,
1182 919 1394 979 Athenienses

327 1028 387 1090 hoc
421 1047 529 1088 mense
552 1023 760 1107 (Gamelione)
785 1026 898 1087 Leuaea
922 1025 1078 1087 celebrare
1101 1031 1133 1087 et
1156 1032 1275 1086 ceteros
1299 1026 1393 1086 Iones

328 1135 429 1196 mensi
465 1134 644 1196 Gamelioni
679 1152 743 1194 non
774 1133 835 1194 hoc
858 1151 977 1193 nomen
999 1132 1163 1205 indidisse,
1188 1132 1243 1193 sed
1269 1132 1391 1192 Lenaeo·

328 1262 400 1303 nem
426 1260 538 1302 uocare
562 1240 648 1314 dicit,
673 1240 792 1318 quibus
815 1240 1010 1317 argumentis
1034 1239 1165 1300 meliora
1189 1240 1243 1299 uix
1265 1238 1393 1316 reperiri

328 1354 471 1428 possunt.
519 1347 669 1424 quoniam
695 1366 768 1424 ergo
791 1347 1011 1408 Gamelionem
1029 1347 1177 1407 Hermaeo
1194 1344 1395 1424 respondisse

328 1456 446 1516 scimus
470 1473 572 1531 neque
596 1453 756 1514 Plutarchi
780 1454 959 1515 coniectura
980 1453 1104 1514 obstare
1120 1459 1253 1532 oportet,
1271 1452 1392 1530 quomi-

328 1580 389 1622 nus
424 1580 535 1620 uerum
572 1578 790 1638 agnoscamus,
815 1579 861 1632 ea,
886 1579 958 1637 quae
982 1560 1108 1621 Boe'ckh
1132 1559 1333 1637 excogitauit,
1358 1563 1394 1618 ut

331 1674 461 1745 uterque
497 1666 614 1728 mensis
649 1686 723 1728 cum
758 1667 944 1728 Gamelione
979 1666 1113 1728 conferri
1149 1672 1264 1745 posset,
1301 1664 1395 1726 nobis

328 1793 409 1854 opus
433 1792 497 1834 non
522 1783 607 1847 sunt,
636 1773 690 1834 sed
715 1773 798 1834 hanc
822 1775 953 1834 alteram
978 1778 1101 1852 partem
1117 1792 1226 1834 ueram
1243 1790 1309 1833 esse
1326 1791 1395 1851 pro·

330 1881 485 1943 fiteamur.
549 1879 583 1940 in
621 1879 731 1941 ceteris
766 1880 923 1941 scholium
959 1879 1085 1941 Boeokh
1120 1886 1203 1940 recte
1237 1878 1396 1940 intellexit

330 1984 360 2067 (l.
385 1988 405 2048 l.
431 2006 461 2066 p.
488 1986 552 2060 75).
605 1981 681 2044 καθ’
705 1982 737 2046 ὃν
764 1986 879 2045 καὶτὰ
903 1983 1025 2068 Λήναια
1048 1981 1120 2065 παρ’
1145 1978 1330 2067 Ἀθηναίοις
1353 1984 1393 2045 ad

331 2093 550 2156 Gamelionem
585 2094 698 2153 referre
728 2111 855 2154 necesse
877 2099 934 2166 est,
959 2093 1044 2171 quod
1069 2092 1137 2153 haec
1160 2092 1337 2152 enuntiatio
1360 2090 1393 2151 id
1482 2144 1485 2157 ,

330 2220 447 2261 nomen
483 2199 600 2261 mensis
636 2184 851 2277 subsequitur
874 2206 905 2260 et
939 2199 1025 2278 quod
1051 2218 1158 2260 mense
1182 2199 1278 2260 attico
1302 2198 1394 2275 signi·

331 2305 492 2368 ficandum
525 2310 582 2378 est,
606 2306 735 2384 quando
758 2307 877 2367 festum
900 2306 1033 2366 atticum
1057 2311 1165 2367 actum
1189 2306 1237 2366 sit.
1286 2325 1394 2383 quam·

330 2413 439 2475 obrem
475 2411 572 2474 uerba
605 2412 658 2471 καὶ
684 2405 727 2479 εἰς
750 2403 856 2470 ταύτὸν
881 2408 1047 2493 ἐρχόμενος
1070 2419 1110 2490 τῷ
1136 2407 1308 2493 Γαμηλιῶνι
1333 2412 1396 2473 Gil-

330 2519 400 2581 bert
423 2520 442 2579 l.
468 2521 487 2580 l.
513 2538 578 2580 non
601 2525 684 2580 recte
708 2518 801 2592 delet,
826 2519 912 2597 quod
936 2518 975 2581 iis
998 2519 1105 2581 eiectis
1126 2520 1303 2580 enuntiatio
1319 2513 1396 2577 καθ’

331 2621 363 2687 ὅν
397 2625 462 2686 κτλ.
510 2626 549 2687 ad
574 2645 717 2687 mensem
740 2626 920 2687 boeoticum
945 2626 1114 2688 Bucatium
1138 2629 1279 2686 refertur.
1320 2644 1396 2704 prae·

331 2741 417 2794 terea
450 2733 489 2794 iis
525 2731 629 2793 uerbis
663 2732 774 2793 deletis
808 2733 1012 2795 enuntiatum
1046 2733 1197 2793 ultimum
1233 2727 1339 2799 Ἴωνες
1363 2728 1398 2790 δὲ

332 2845 433 2900 τοῦτον
468 2831 531 2898 οὐδ’
567 2834 679 2909 ἄλλως,
715 2833 798 2899 ἀλλὰ
834 2835 997 2922 Ληναιῶνα
1030 2839 1176 2899 καλοῦαιν
1204 2858 1397 2917 suspensum

333 2946 461 3027 pendet,
501 2964 604 3023 neque
642 2946 815 3024 quicquam
841 2946 957 3020 habet,
992 2947 1032 3007 ad
1068 2947 1153 3025 quod
1188 2965 1221 3007 se
1249 2946 1396 3024 applicet.

333 3053 456 3115 Gilbert
480 3051 519 3112 ad
547 3070 689 3114 mensem
714 3052 895 3114 boeoticum
919 3053 1104 3114 Hermaeum
1128 3053 1160 3113 id
1185 3055 1279 3113 refert
1306 3073 1336 3131 p.
1356 3052 1397 3112 34

334 3160 425 3220 lones
461 3159 535 3219 huic
571 3159 672 3220 mensi
695 3155 867 3239 (Hermaeo)
891 3159 978 3220 aliud
1003 3179 1120 3220 nomen
1144 3179 1209 3220 non
1232 3160 1397 3232 indidisse,

334 3266 388 3328 sed
424 3266 612 3327 Lenaeonem
637 3285 709 3326 eum
734 3285 847 3327 uocare
871 3266 987 3326 dicens.
1035 3285 1142 3343 quaero
1166 3267 1242 3344 quid
1268 3267 1339 3326 miri
1364 3268 1397 3326 in

334 3393 370 3433 eo
394 3374 444 3445 sit,
469 3372 555 3451 quod
579 3374 688 3434 Boeoti
713 3373 787 3434 huic
812 3373 914 3434 mensi
937 3373 1024 3434 aliud
1049 3393 1165 3434 nomen
1193 3380 1289 3450 atque
1306 3375 1397 3433 Iones

333 3479 528 3553 indiderunt,
564 3480 738 3559 praesertim
771 3498 845 3540 cum
869 3481 959 3541 nulla
981 3481 1096 3541 Lenaea
1119 3479 1272 3540 haherent
1295 3498 1398 3557 neque

334 3588 416 3648 ullos
451 3604 575 3647 meuses
609 3586 723 3647 iisdem
747 3585 932 3648 nominibus
956 3594 1052 3666 atque
1075 3588 1167 3648 Iones
1191 3587 1396 3666 appellarent.

335 3698 455 3770 quanto
490 3693 604 3753 melius
638 3691 677 3752 de
712 3693 961 3755 Atheniensibus
996 3693 1122 3766 dicitur,
1158 3694 1214 3771 qui
1246 3702 1283 3753 ut
1306 3693 1399 3753 Iones

335 3798 542 3860 Posideonem
559 3807 590 3859 et
605 3799 882 3860 Anthesterionem
899 3801 1097 3879 aliorumque
1114 3800 1271 3860 mensium
1287 3799 1406 3867 eadem,

335 3905 467 3966 nomina
501 3904 671 3969 habebant.
730 3907 939 3969 Athenienses
974 3908 1086 3979 mensi,
1121 3907 1154 3966 in
1189 3926 1253 3984 quo
1286 3907 1400 3966 Lenaea

336 4011 481 4091 agebant,
516 4012 603 4073 aliud
638 4032 765 4087 nomen,
801 4013 888 4091 quod
923 4013 962 4074 ad
987 4014 1047 4074 hoc
1077 4016 1193 4075 festum
1218 4033 1283 4074 non
1306 4012 1398 4092 perti·

337 4125 434 4192 neret,
471 4118 634 4193 indidisse,
671 4120 764 4181 [ones
799 4126 907 4181 autem
931 4140 1047 4181 nomen
1073 4141 1092 4180 a
1115 4123 1195 4182 festo
1218 4121 1398 4181 deriuatum
