3225 5034
765 395 943 459 ...50-

321 593 418 654 penes
442 573 722 653 quosnespnblica
746 578 822 646 eret,
847 573 902 635 sed
926 575 1036 652 populi
1062 594 1188 653 quoqne
1216 576 1388 654 susceperit

321 687 353 747 et
376 701 394 742 a
418 680 532 743 Cleone
556 688 721 745 accusans
745 680 802 743 uix
826 681 979 758 effugerit.
1027 682 1235 759 quamobrem
1253 682 1386 747 eandem

322 787 511 853 sententiam
548 788 663 851 iterum
699 806 764 849 non
799 788 921 851 minore
955 788 990 852 ni
1013 789 1151 866 prolerre
1174 794 1206 849 et
1228 808 1386 851 commen

210 917 214 923 ·
322 892 396 957 dare
431 895 643 972 periculosam
679 900 754 965 erat,
790 895 878 971 quod
911 900 1048 957 testatur
1080 895 1209 959 initiam
1237 896 1387 957 orationis

281 1004 293 1025 ’
320 1000 543 1079 Dicaeopoliclis
555 1020 585 1063 n.
600 1001 666 1061 496
677 1019 745 1078 sqq.
760 1003 802 1080 μή
816 1019 867 1080 μοι
880 997 1058 1083 φθο·νήαητ’,
1071 995 1217 1080 ἄνδρεςαὶ
1227 1000 1386 1084 θεώμενοι,

321 1099 348 1166 εἰ
382 1108 505 1187 πτωχὸς
537 1101 576 1164 ὢν
612 1102 702 1169 ἔπειτ’
728 1101 758 1166 ἐν
783 1102 971 1188 Ἀθηναίας
994 1106 1092 1183 λέγειν
1116 1102 1221 1189 μέλλω
1244 1109 1311 1187 περὶ
1335 1115 1388 1190 τῆς

321 1212 448 1282 πόλεως,
473 1210 640 1292 τραγῳδίαν
660 1219 759 1273 ποιων.
800 1215 1020 1293 composnitne
1052 1215 1240 1294 Dicaeopolis
1267 1235 1386 1277 comoe-

321 1318 431 1382 diam?
466 1321 693 1399 Aristophanes
709 1327 766 1394 est,
784 1321 841 1399 qui
857 1341 914 1399 pro
931 1321 1027 1385 domo
1043 1323 1192 1400 loquitur.
1226 1315 1252 1380 εἰ
1267 1322 1387 1402 πτωχὸς

320 1421 370 1503 ὤν,
406 1428 492 1506 quod
523 1429 680 1507 praeoipue
704 1427 744 1492 ad
768 1428 1015 1506 Dioaeopolidem
1039 1429 1182 1502 refertur,
1207 1430 1263 1507 qui
1286 1435 1386 1490 totam

320 1534 471 1597 miseram
516 1535 745 1613 supellectilem
779 1514 1000 1597 mendicorum
1035 1535 1280 1615 Euripideorum
1321 1553 1387 1597 mu·

320 1646 429 1705 tuntas
452 1641 558 1720 prodit
581 1677 624 1684 —-
647 1642 801 1705 nimirum
826 1648 862 1702 nt
878 1642 1130 1703 misericordiam
1146 1649 1283 1707 moueat.
1301 1642 1386 1720 quod

267 1744 269 1747 ’
320 1766 450 1811 causam
473 1749 684 1826 periculosam
706 1749 770 1827 agit
793 1782 837 1793 -
861 1748 901 1808 ad
925 1749 1172 1826 Aristophanem
1189 1749 1296 1828 ipsum
1312 1768 1387 1827 quo

319 1874 383 1933 qne
410 1860 543 1933 spectat,
566 1856 620 1933 qui
644 1861 711 1917 tam
735 1855 867 1919 humilis
891 1856 1051 1919 detentis
1075 1856 1170 1919 rebus
1192 1875 1298 1919 eoram
1322 1875 1387 1917 om-

320 1961 415 2023 nibus
442 1963 530 2040 loqui
554 1962 658 2025 audet.
707 1962 768 2022 hoc
789 1962 929 2027 ostendit
952 1963 1091 2025 comicos
1113 1962 1273 2025 interdum
1298 1963 1386 2023 iabu-

319 2070 384 2131 lam
419 2074 451 2133 et
485 2088 553 2133 rena
587 2088 697 2133 ueram
730 2068 814 2131 inter
842 2070 1112 2143 seeommiscere,
1137 2069 1222 2146 qued
1247 2071 1387 2148 apertius

320 2176 421 2237 uerba.
452 2172 617 2255 τρυγῳδίαν
645 2181 736 2234 ποιων
759 2175 914 2250 indicant,
938 2195 1009 2254 qnae
1032 2176 1072 2236 ad
1096 2175 1183 2236 idem
1207 2176 1387 2236 subiectum

320 2301 356 2346 ac
391 2283 511 2362 πτωχὸς
546 2278 585 2341 ὢν
621 2302 653 2344 se
679 2284 830 2344 referunt.
876 2283 937 2343 hoc
961 2283 1000 2344 de
1023 2283 1184 2354 histrione,
1210 2284 1265 2360 qui
1289 2283 1385 2344 etiam

320 2389 497 2467 nyssenus,
524 2390 753 2468 appellabatur,
790 2389 891 2467 accipi
915 2409 981 2449 non
1004 2408 1095 2467 posse
1121 2410 1161 2450 ex
1184 2409 1220 2449 eo
1244 2399 1385 2468 apparet,

319 2496 407 2574 qnod
429 2516 459 2556 u.
486 2494 550 2558 502
576 2500 668 2574 poeta
691 2495 730 2557 de
754 2514 786 2557 se
810 2497 958 2574 loquitur.
998 2501 1148 2574 praeterea
1164 2504 1250 2557 actor
1266 2516 1386 2559 comae

320 2602 407 2665 diam
430 2622 495 2663 non
518 2604 594 2665 iacit
616 2602 731 2680 (ποιεῖ),
756 2602 818 2664 hoc
839 2607 940 2682 poetae
963 2611 1019 2663 est.
1067 2602 1101 2663 in
1124 2603 1297 2676 sententiis,
1315 2622 1386 2680 quae

320 2715 505 2787 sequuntur,
528 2710 756 2788 Aristophanes
780 2729 915 2788 persona
938 2709 1160 2789 Dicaeopolidis
1184 2709 1306 2769 abiecta
1328 2729 1386 2788 pro

320 2836 353 2877 se
387 2816 474 2893 loqui
509 2816 618 2895 pergit.
666 2836 697 2876 u.
728 2816 792 2876 500
817 2835 854 2894 sq
878 2815 909 2874 τὸ
934 2818 991 2894 γὰρ
1016 2809 1131 2874 δίκαιον
1156 2810 1216 2874 οἶδε
1240 2817 1293 2873 καὶ
1317 2835 1386 2895 τρω-

319 2919 422 3001 γῳδία.
471 2917 529 2998 ἐγὼ
565 2919 597 3001 δὲ
628 2920 705 2991 λέξω
729 2919 812 2983 δεινὰ
836 2917 900 3002 μέν.
926 2920 1030 2981 δίκαια
1053 2917 1095 2985 δέ,
1121 2918 1178 2997 ἐγώ
1202 2922 1242 2983 ad
1266 2932 1384 3001 trygoc·

320 3029 444 3095 dumi:
467 3050 493 3090 e.
518 3031 623 3109 ipsam
649 3035 780 3109 spectat,
804 3037 841 3093 ut
864 3048 961 3095 uersu
983 3031 1085 3108 priore
1109 3031 1223 3091 collato
1244 3038 1383 3108 apparet.

319 3143 390 3198 tum
425 3137 468 3196 de
499 3137 613 3198 Cicone
648 3136 747 3197 uerba
780 3137 882 3197 iacere
913 3137 1027 3215 incipit
1062 3127 1097 3195 oh
1131 3138 1188 3215 γάρ
1218 3156 1255 3216 με
1279 3143 1328 3194 νων
1351 3154 1384 3212 γε

320 3240 461 3323 διαβαλεῖ
496 3238 605 3323 Κλέων
628 3237 671 3301 ‘on
695 3240 784 3311 ξένων
807 3246 959 3321 παρόντων
983 3244 1035 3323 τὴν
1059 3237 1145 3300 πόλιν
1169 3249 1272 3309 κακῶς
1296 3238 1383 3316 λέγω.

319 3371 391 3430 ergo
426 3371 456 3412 u.
489 3351 663 3413 504-508
700 3342 783 3409 chael
808 3351 864 3431 γάρ
890 3344 979 3430 ἐσμεν
1003 3342 1071 3409 οὑπὶ
1095 3343 1221 3431 Ληναίῳ
1245 3346 1270 3408 τ’
1295 3344 1383 3424 ἀγὼν,

319 3451 421 3519 κοῦπω
455 3455 532 3528 ξένοι
559 3459 696 3535 πάρεισιν
719 3455 785 3519 κτλ.
822 3458 919 3518 etiam
942 3457 982 3517 ad
1006 3477 1073 3519 rem
1097 3477 1206 3517 ueram
1230 3463 1382 3534 spectant.

319 3564 394 3629 inae
428 3585 447 3631 a
480 3585 511 3626 u.
549 3565 613 3625 500
639 3565 671 3626 in
694 3565 869 3627 orationem
894 3565 1047 3628 comioam
1073 3563 1193 3627 sensim>
1216 3562 1383 3634 delabitur,

319 3678 356 3732 nt
390 3673 457 3733 haec
492 3673 594 3750 magis
623 3689 766 3750 personae
790 3672 920 3732 comice
943 3691 1041 3749 qnam
1064 3675 1168 3749 po'e'tae
1189 3670 1254 3729 sint
1276 3669 1382 3729 uerba.

319 3779 380 3839 hoc
403 3798 497 3838 nemo
519 3779 669 3857 increpet,
690 3778 785 3856 qnod,
803 3778 860 3839 nbi
875 3778 1098 3856 Dicaeopolidis
1114 3795 1248 3855 persona
1263 3776 1385 3836 abiecta

320 3885 547 3965 Aristophanes
570 3886 638 3962 ipse
662 3885 749 3963 loqui
771 3885 904 3965 incipiat
929 3885 978 3944 uel
1002 3889 1126 3965 recepta
1142 3883 1275 3957 desinat,
1293 3882 1384 3943 certis
1439 3906 1442 3909 ·

319 3992 439 4078 finibus
472 3992 596 4055 definiri
631 4012 698 4055 non
730 3997 842 4077 potest.
890 4012 966 4053 nam
999 3992 1031 4053 in
1056 4010 1093 4053 eo
1116 4009 1166 4051 ars
1189 3994 1290 4068 poeta
1314 4009 1382 4051 con·

320 4105 392 4173 stat,
418 4099 503 4177 qnod
527 4099 585 4163 has
609 4099 800 4163 mutationes
825 4117 923 4176 quain
948 4098 1087 4161 maxime
1107 4098 1234 4169 celauit,
1248 4104 1285 4158 ut
1300 4116 1384 4175 spee-
