3225 5034
790 416 968 478 ..54-

347 593 481 656 aisdann
514 593 567 655 die
601 594 759 657 Mehrher't
785 594 842 655 der
868 593 1089 672 Gegenstinde
1114 614 1151 657 zu
1175 594 1261 656 einer
1283 594 1413 656 Einheit

347 698 569 784 (Gesamtheit)
601 702 904 780 zusammengeiasst
937 702 1047 763 wind».
1094 722 1167 764 eum
1203 702 1332 764 Theoer.
1360 704 1411 775 15,

349 808 411 870 139
436 816 466 870 et
488 809 570 870 Xen.
587 808 659 888 Cyn.
678 810 707 881 ἵν,
728 810 756 882 1,
774 810 793 870 6
808 809 951 887 exeeptis
967 809 1063 870 modo
1078 810 1250 871 Homerica
1264 810 1412 888 exempla

346 915 567 989 adhibeantur,
601 916 666 977 aiio
700 935 716 975 e
750 933 844 993 prosa
873 915 1015 976 oratione
1036 916 1138 995 petita
1161 916 1254 977 addo.
1301 916 1413 994 Lysias

346 1023 438 1096 XIII,
474 1023 515 1084 67
551 1017 628 1105 ἦσαν
664 1015 757 1081 τοίνυν
793 1014 883 1096 οὗτοι,
918 1015 1075 1100 driades<
1096 1019 1247 1099 δικασταί,
1272 1025 1414 1101 τέτταρες

347 1122 484 1213 ἀδελφοί.
532 1128 640 1189 rohten
676 1122 719 1196 εἷς
753 1129 807 1210 μὲν
843 1122 859 1188 ὁ
895 1128 1093 1209 τρετβὺτερος
1115 1128 1181 1191 κτλ.
1205 1131 1246 1205 Χ,
1272 1132 1291 1192 5
1315 1124 1332 1190 ὁ
1355 1130 1414 1209 γὰρ

347 1234 547 1315 teredinem
581 1231 714 1319 ἀδελφὸς
745 1229 927 1294 Πανταλέων
950 1229 1069 1296 ἅπαντα
1092 1231 1248 1316 παρέλαβε
1270 1237 1324 1296 καὶ
1348 1232 1413 1296 ἐπτ-

347 1342 514 1422 rausedone
547 1337 651 1426 ἡμᾶς
684 1350 740 1404 τῶν
768 1344 912 1421 nonedam
936 1337 1148 1425 ἀπεστέρησεν,
1172 1345 1228 1405 ubi
1250 1344 1349 1406 etiam
1374 1344 1413 1404 de

345 1449 445 1527 gradu
469 1450 620 1528 temporis
643 1449 759 1529 agitur3
784 1449 902 1510 AElian.
928 1450 966 1511 V.
986 1450 1028 1510 H.
1046 1451 1089 1524 ΙΙ,
1106 1452 1146 1510 41
1165 1450 1340 1532 (LXXXI);
1357 1450 1413 1512 sed

345 1558 377 1618 h.
413 1558 433 1617 l.
470 1557 604 1618 editores
637 1557 780 1636 plerique
815 1557 849 1617 in
874 1557 1107 1636 superlatiuum
1131 1559 1300 1637 corrigunt,
1325 1559 1415 1637 quali

345 1662 479 1725 audacia
501 1664 535 1724 in
559 1668 703 1725 nostrum
726 1664 833 1724 looum
857 1663 962 1724 adhue
986 1683 1080 1724 nemo
1103 1684 1180 1726 usus
1203 1670 1258 1726 est.
1296 1666 1416 1726 dixerit

345 1777 453 1833 autem
487 1779 571 1831 reete
604 1770 764 1849 quispiam
801 1790 853 1831 me
887 1770 1023 1832 oblitum
1059 1790 1125 1833 esse
1160 1772 1253 1833 Iones
1285 1791 1415 1850 quoque

346 1878 459 1938 Lenaea
482 1877 590 1955 egisse.
638 1896 702 1937 non
726 1875 847 1939 oblitus
873 1896 956 1950 sum,
980 1878 1035 1938 sed
1059 1877 1280 1956 Thucydidem
1297 1878 1330 1939 id
1348 1897 1414 1939 non

345 1984 530 2062 oognouisse
552 1983 654 2045 erede.
703 2004 779 2045 nam
804 1984 1006 2045 Anthesteria
1028 1985 1267 2046 oeleberrimum
1297 1985 1414 2047 Bacchi

345 2091 463 2152 iestum
498 2091 584 2170 apud
613 2092 706 2152 Iones
730 2096 806 2165 erat,
831 2091 945 2152 Ienaea
968 2111 1026 2152 nee
1048 2098 1138 2152 tanto
1161 2092 1330 2171 splendore
1355 2110 1414 2153 neo

345 2204 435 2259 tenta
468 2198 645 2276 frequentia
679 2197 779 2276 egisse
813 2197 973 2271 uidentur,
1009 2205 1045 2260 ut
1074 2199 1241 2278 Gilbertp
1268 2200 1329 2259 152
1354 2218 1415 2277 sqq

345 2309 477 2366 oonatus
514 2305 556 2367 sit
582 2304 798 2366 demonstrare
827 2304 940 2366 Lenoea
963 2306 1056 2367 Iones
1079 2325 1144 2367 non
1167 2306 1332 2377 habuisse;
1357 2305 1415 2367 sed

346 2430 543 2490 quamquam
572 2411 640 2475 fieri
663 2417 776 2490 potest,
801 2417 838 2473 ut
859 2412 915 2472 atii
938 2412 1058 2491 populi,
1084 2419 1119 2472 ut
1143 2413 1285 2491 Cyziceni
1311 2419 1414 2491 poste·

345 2519 425 2581 riore
460 2520 572 2579 saltem
607 2524 708 2593 etate,
745 2519 859 2580 Lenaea
892 2536 958 2580 non
992 2519 1171 2589 habuerint,
1207 2538 1310 2598 neque
1347 2521 1415 2581 ullo

345 2628 414 2688 loeo
449 2626 640 2687 nominatim
674 2632 978 2699 oommemorantur,
1012 2645 1031 2685 e
1064 2626 1194 2686 nomine
1228 2627 1348 2687 mensis
1384 2633 1416 2687 et

345 2733 546 2806 testimoniis,
570 2750 642 2811 quoe
665 2752 696 2811 p.
720 2733 761 2792 41
788 2713 891 2805 eunti,
915 2733 994 2794 alios
1014 2751 1051 2792 ea
1066 2733 1165 2810 egisse
1181 2732 1413 2795 concludimus.

346 2840 431 2919 quod
467 2859 541 2901 eum
575 2838 620 2899 ite
654 2839 704 2913 sit,
741 2840 855 2899 [enaea
888 2839 991 2900 ionica
1018 2839 1239 2918 Thucydidem
1263 2840 1416 2918 effugisse

346 2948 466 3008 mirum
505 2964 571 3006 non
605 2949 651 3005 est
661 2940 692 3025 1).
751 2944 874 3007 Gilbert
910 2945 1042 3006 Ionibus
1078 2946 1191 3006 Lenaea
1225 2946 1415 3008 abiudioans

346 3054 465 3116 scilieet
499 3052 613 3113 Lenaea
634 3051 730 3113 attica
754 3070 828 3113 oum
853 3052 1062 3113 Anthesteriis
1085 3053 1275 3130 ooniungere
1299 3053 1413 3113 uoluit.

345 3160 380 3221 id
403 3177 529 3238 quoque
552 3159 573 3218 l.
598 3158 618 3218 1.
645 3158 761 3219 mirum
784 3177 853 3218 esse
876 3158 959 3220 dixit
981 3159 1075 3220 lones
1094 3159 1303 3220 Anthesteriis
1320 3159 1415 3220 ludos

347 3267 498 3328 soaenioos
531 3266 630 3345 egisse
664 3261 748 3347 (clu
783 3265 870 3326 3044
905 3272 935 3326 et
970 3261 1077 3344 3655),
1115 3265 1322 3327 Athenienses
1347 3285 1413 3326 non

346 3374 401 3447 ita,
426 3392 621 3452 quamquem
656 3373 814 3452 principia
836 3371 1005 3450 tragoediae
1027 3373 1067 3433 iis
1090 3372 1275 3434 communia
1297 3379 1412 3446 essent,

347 3486 519 3558 antequam
542 3480 635 3542 Iones
658 3481 858 3557 emigrarent,
883 3478 968 3556 quod
993 3479 1106 3539 lenaea
1129 3479 1331 3540 Anthesteria
1346 3497 1414 3540 esee

346 3586 487 3648 indicare
520 3591 621 3665 putat
668 3586 817 3647 subtilius
852 3604 950 3663 quam
974 3586 1100 3655 uerius}
1120 3605 1196 3647 nam
1220 3586 1280 3646 ioei
1304 3593 1335 3646 et
1358 3604 1414 3646 eae

347 3693 492 3754 rimonire
525 3698 556 3753 et
590 3711 693 3754 mores
719 3692 802 3765 festi,
827 3692 883 3770 qui
906 3698 996 3752 erant
1018 3694 1073 3754 iila
1096 3699 1188 3754 aetate
1212 3726 1255 3737 -
1278 3692 1360 3765 lieet,
1386 3693 1413 3752 si

347 3800 435 3873 libet,
470 3819 507 3860 ea
539 3798 708 3876 tragoediae
742 3799 900 3878 principia
934 3818 1046 3860 uocare
1070 3834 1113 3842 -
1136 3818 1261 3878 semper
1284 3817 1414 3878 usurpa·

349 3909 474 3979 bantur,
509 3906 643 3966 simulac
674 3905 792 3967 Baoohi
814 3906 848 3966 in
872 3907 958 3968 feriis
981 3907 1080 3985 geniis
1103 3905 1328 3983 indulgebant3
1354 3913 1414 3968 tra·

457 4047 476 4117 ¹)
502 4049 545 4103 Gi.
564 4066 642 4102 nunc
669 4050 704 4103 de
731 4050 814 4102 Prott
832 4065 945 4117 quoqne
965 4049 1032 4101 Ath.
1051 4047 1138 4101 Mitth
1157 4047 1270 4114 XXIII,
1290 4047 1342 4099 229
1362 4064 1413 4113 sq,

349 4139 397 4206 qni
416 4140 503 4192 etiam
522 4139 625 4192 Lenaea
644 4138 813 4193 Gamelione
831 4143 896 4191 aeta
914 4154 978 4191 esse
998 4142 1089 4204 putat.
