3225 5034
672 390 871 450 —119-

238 587 295 629 nec
329 568 446 628 similia
481 573 571 628 erant
605 586 707 645 neque
739 585 813 629 cum
837 568 877 629 iis
900 568 1122 646 componenda
1145 578 1229 628 sunt.
1277 574 1309 628 et

236 693 418 754 gerararum
452 681 485 734 et
518 675 634 752 reginae
668 691 754 735 sacra
787 670 944 755 ἀπόρρητα
967 680 1057 736 erant
1073 674 1204 751 ¹(Polluit
1229 672 1309 735 VIII

240 781 301 842 108
325 777 414 859 (XC),
441 777 553 863 [Deml
577 780 610 842 in
635 782 734 842 Neaer.
761 781 801 842 73
827 776 1048 861 (LXXXVII),
1072 787 1103 842 et
1119 782 1138 841 l.
1157 782 1177 841 l.
1195 779 1308 841 Pollux

236 896 343 949 narrat
366 888 462 948 etiam
487 882 552 967 μετ’
577 883 677 969 ἄλλης
699 889 835 967 θεωρίας
858 888 1071 949 sacrificatum
1095 906 1172 949 esse.
1217 888 1308 949 ouius

235 995 359 1074 generis
393 1003 425 1055 et
452 995 520 1056 haee
548 995 665 1073 θεωρία
689 998 722 1056 st
745 989 903 1076 ἀπόρρητα
926 995 982 1055 illa
1004 995 1133 1068 fuerint,
1157 993 1309 1072 intellegi·

237 1121 319 1175 mus,
356 1102 382 1161 si
412 1120 448 1161 ea
472 1096 628 1182 ἀπόρρητα
652 1102 856 1172 conterimus,
882 1118 953 1179 quoe
977 1101 1128 1162 describit
1150 1101 1308 1162 scholium

237 1209 432 1270 Lucianeum
468 1227 487 1267 a
521 1209 646 1269 Rohdio
681 1208 803 1269 editum
833 1205 874 1289 (p.
909 1207 951 1268 94
978 1209 1058 1286 sqq),
1099 1207 1308 1286 quamobrem

237 1316 409 1377 uerisimile
433 1315 560 1375 uidetur
584 1315 666 1375 inter
689 1315 747 1375 has
770 1333 820 1375 res
844 1315 995 1392 mysticas
1011 1315 1136 1394 phallos
1152 1312 1308 1394 (Gerhard

237 1423 320 1483 Abh.
357 1422 387 1484 d.
420 1422 479 1488 Ak.
505 1421 535 1482 d.
561 1422 655 1483 Wiss.
681 1441 718 1482 zu
743 1422 849 1483 Berlin
876 1423 972 1494 1858,
1000 1419 1073 1502 158)
1096 1422 1237 1499 aliasque
1261 1439 1310 1481 res

237 1529 345 1600 fuisse,
383 1547 454 1606 quae
489 1528 530 1588 ad
561 1528 790 1589 fecunditatem
816 1537 975 1608 spectant3
1001 1530 1079 1608 quin
1103 1530 1209 1607 ipsum
1235 1528 1309 1589 Bao

236 1637 336 1696 chum
362 1636 542 1696 Limnaeum
566 1635 675 1714 phallo
699 1636 890 1697 instructum
908 1653 976 1698 esso
991 1655 1127 1714 usquea
1147 1635 1309 1695 Welckero

237 1743 396 1818 Nachtrag
431 1749 488 1803 etc.
529 1742 591 1802 189
626 1745 653 1802 a.
691 1743 738 1803 20
758 1744 852 1803 multi
876 1749 1080 1821 putauerunt.
1129 1745 1235 1820 itaque
1260 1742 1310 1803 his

237 1849 352 1910 ritibus
376 1849 555 1910 fecunditas
571 1852 696 1910 euocari
713 1849 840 1909 uidetur
857 1856 892 1910 ut
908 1849 1178 1929 Thesmophoriis,
1195 1849 1311 1910 ethaeo

235 1955 414 2017 similitudo
448 1975 486 2015 eo
521 1956 622 2033 magis
657 1956 910 2030 commendatur,
947 1957 1032 2035 quod
1057 1975 1102 2017 eae
1125 1962 1201 2017 sunt
1224 1955 1310 2016 leriae

236 2063 449 2134 autumnales,
488 2063 688 2122 Anthesteria
725 2064 868 2124 uernales
903 2064 1013 2124 inieris
1043 2071 1130 2124 actae.
1178 2063 1311 2123 nomina

237 2171 420 2241 numinum,
452 2188 523 2247 quae
547 2169 742 2242 colebantur,
767 2170 830 2230 alia
854 2187 921 2231 esse
944 2189 1009 2230 non
1032 2171 1078 2231 ita
1101 2172 1240 2231 multum
1265 2170 1309 2230 in·

234 2284 339 2337 terest.
388 2296 457 2336 eam
494 2285 640 2336 naturam
678 2277 792 2337 harum
829 2278 1094 2349 caerimoniarum,
1131 2295 1228 2356 quam
1260 2277 1310 2337 his

235 2383 425 2445 coniecturis
460 2402 566 2443 eruere
602 2385 707 2444 conati
736 2403 859 2458 sumus,
883 2391 1001 2446 certam
1026 2384 1165 2444 reddunt
1189 2384 1310 2462 nuptiae

236 2491 288 2551 uel
312 2490 419 2569 potius
442 2491 544 2551 coitus
568 2491 618 2550 dei
646 2497 676 2552 et
700 2492 825 2568 reginae.
873 2494 928 2570 qui
953 2511 1023 2553 mos
1046 2511 1086 2551 ex
1109 2491 1220 2551 eadem
1245 2490 1310 2569 opi·

236 2599 332 2657 nione
357 2603 388 2658 et
411 2597 530 2674 origine
553 2605 642 2658 ortus
665 2606 713 2659 est
736 2617 771 2658 ac
795 2598 917 2676 nuptiae
941 2606 1137 2676 pentecostes
1153 2598 1204 2658 uel
1224 2598 1308 2671 Maii,

236 2710 497 2784 quaevuoeantun
522 2721 601 2781 quas
625 2705 735 2765 rustici
758 2705 854 2765 etiam
880 2706 996 2765 nostris
1019 2705 1217 2783 temporibus
1234 2705 1309 2765 cele

236 2811 411 2870 brauerunt
426 2807 456 2888 ¹).
511 2811 550 2871 de
586 2811 624 2871 iis
659 2812 818 2890 copiosius
854 2811 1004 2872 disserere
1040 2813 1169 2889 longum
1207 2827 1309 2889 neque

236 2918 296 3002 fieri
317 2918 435 3012 debent;
455 2950 666 3003 comIssationis
686 2951 758 3003 ratio
776 2951 893 3018 propria
912 2958 963 3018 est,
982 2969 1008 3004 u.
1023 2951 1100 3004 infra
1113 2969 1139 3017 p.
1155 2947 1207 3002 124
1219 2965 1260 3016 sq.
1275 2979 1308 2986 —

237 3055 350 3105 gerarae
370 3045 516 3092 matronas
535 3039 626 3092 fuisse
638 3046 864 3093 consentaneum
884 3046 939 3102 est;
960 3055 1066 3094 nomen
1085 3040 1208 3093 feminas
1228 3053 1311 3092 uene

236 3129 342 3181 rabiles
362 3129 505 3194 significat
522 3130 561 3192 (en
579 3129 615 3181 de
637 3130 825 3182 Wilamowita
843 3131 891 3182 Ar.
911 3135 940 3182 et
959 3131 1025 3182 Ath.
1045 3129 1074 3182 H
1093 3130 1125 3181 41
1146 3145 1170 3181 a.
1192 3129 1242 3192 12).

346 3217 364 3280 ¹)
384 3220 481 3270 Unum
500 3219 663 3285 exemplum
684 3235 700 3271 e
714 3220 815 3272 Scania
829 3220 931 3272 afferre
943 3219 1019 3285 uolo,
1032 3219 1109 3284 quod
1121 3220 1152 3271 in
1165 3234 1199 3270 eo
1212 3218 1309 3271 nescio

236 3323 274 3359 an
293 3306 401 3372 aliquid
420 3308 549 3359 naturale
567 3309 744 3372 remanserit,
764 3309 841 3374 quod
860 3310 947 3361 refert
959 3310 1021 3361 Eva
1034 3308 1197 3373 Wigstrom,
1211 3307 1309 3359 Lunds

236 3396 366 3460 Dagblad
386 3393 428 3462 lle,
449 3395 518 3448 1899
537 3402 566 3449 et
581 3393 688 3450 'deinde
708 3413 753 3450 me
772 3403 890 3463 rogante
909 3414 960 3464 per
973 3398 1082 3450 litteras
1100 3396 1310 3449 humanissime

236 3485 361 3550 amplius
390 3486 541 3538 enarrauit.
579 3486 661 3539 initio
690 3487 786 3541 saeculi
810 3486 900 3539 nostri
919 3487 950 3539 iu
969 3486 1085 3553 regione
1104 3486 1180 3539 dicta
1199 3487 1309 3538 Bonne-

237 3574 322 3638 bergs
351 3575 441 3628 harad
468 3575 588 3627 iuuenes
617 3575 679 3628 Kal.
707 3575 877 3629 Mai.>nocte
894 3576 951 3642 (uel
971 3576 1063 3642 primo
1082 3574 1177 3636 manci
1194 3589 1310 3628 carmen

237 3663 381 3728 quoddam
409 3669 477 3716 ante
504 3664 588 3717 uillas
607 3666 758 3730 canebant,
778 3671 811 3717 ut
828 3665 919 3731 stipes
938 3666 974 3718 ad
993 3665 1109 3732 nuptias
1129 3669 1309 3732 pentecostes

237 3752 272 3804 iis
291 3753 534 3818 promitterentur.
566 3754 696 3806 mercede
716 3754 849 3807 conducti
868 3755 911 3806 uir
924 3755 1096 3820 feminaque,
1110 3754 1158 3821 qui
1172 3754 1208 3806 ob
1222 3754 1309 3805 moris

237 3841 382 3894 licentiam
410 3842 589 3894 sordidorum
618 3849 706 3905 erant,
736 3843 853 3896 maritos
882 3844 1012 3908 agebant.
1050 3844 1175 3911 primum
1203 3858 1309 3909 pompa

237 3931 359 3983 sollenni
391 3931 481 3998 stipes
513 3929 695 3998 collegerunt,
727 3931 831 3984 deinde
858 3932 968 4000 nuptiis
995 3932 1139 3986 simulatis
1159 3930 1308 3986 celebratis

237 4021 369 4074 conuiuis
398 4027 427 4073 et
447 4021 611 4074 fidicinibus
630 4022 834 4074 comitantibus
854 4022 980 4074 carmine
998 4024 1029 4074 in
1048 4023 1153 4076 lectum
1173 4021 1309 4074 conduce-

237 4110 343 4162 bantur
369 4110 514 4175 (rsjbngos
542 4112 552 4163 i
580 4112 686 4175 sang»)
724 4112 778 4163 hoc
797 4111 869 4163 mihi
889 4112 939 4163 uix
958 4112 1072 4165 uidetur
1091 4112 1212 4165 licentiae
1232 4111 1309 4177 turpi
