3225 5034
686 426 863 485 ..11-

243 606 314 668 nius
339 611 386 667 est
403 604 614 666 Maemocterio
630 604 724 664 Arist.
745 603 797 677 21,
815 602 1068 682 Hippodromius
1084 603 1315 665 Hecatombaeo

243 720 273 774 et
296 713 454 773 Pensmus
478 711 663 789 Metagitnio
686 710 774 771 Cam.
803 709 854 783 19,
878 709 1086 771 Prosteterius
1110 710 1314 772 Anthesterio

242 820 359 892 Quaest.
385 837 476 879 conu.
502 818 562 890 ΙΙΙ,
580 814 610 890 7,
631 819 645 877 1
667 816 718 894 (ci.
737 816 827 891 VIII,
847 817 897 889 10,
912 812 953 897 3),
971 816 1153 878 Demetrius
1170 817 1310 896 Pyenop-
1429 884 1434 888 ,

242 927 289 987 sio
312 927 363 986 uel
390 925 491 1004 Athyr
514 924 687 1004 aegyptious
711 920 764 1004 (a
778 923 971 999 Nouember)
994 924 1034 984 de
1057 924 1098 985 Is.
1124 924 1176 997 69,
1190 924 1223 984 in
1247 942 1314 1002 quo

242 1035 289 1095 sol
319 1032 518 1111 scorpionem
549 1031 703 1110 percurrit
725 1029 768 1091 ib.
798 1030 848 1101 13;
873 1049 966 1109 porro
989 1032 1023 1092 in
1047 1030 1168 1092 scholio
1191 1031 1246 1091 illo
1267 1031 1310 1091 ud

242 1139 318 1199 Hes.
344 1159 394 1218 op.
421 1138 485 1200 504
509 1137 677 1198 Hermaeus
701 1137 870 1198 Bucutium
895 1138 984 1216 sequi
1009 1143 1040 1199 et
1063 1136 1243 1198 Gamelioni
1262 1142 1312 1198 ⁴re·

243 1244 397 1325 spondere
421 1252 452 1306 et
477 1244 607 1306 bucatio
631 1245 677 1305 sol
701 1263 833 1323 caprum
858 1262 1036 1323 percurrere
1060 1244 1185 1306 dieitur.
1211 1244 1312 1322 equi·

243 1351 302 1413 bus
326 1353 403 1412 locis
427 1352 513 1413 hunc
528 1357 741 1430 conspectum
765 1351 895 1412 contuli.

243 1460 378 1537 signum,
405 1458 495 1519 cuius
741 1478 744 1485 ¹
778 1476 903 1518 menses

254 1566 407 1626 maiorem
426 1584 494 1643 par·
520 1564 645 1625 romani
777 1564 863 1624 attici
1045 1564 1196 1635 boeotici;
1235 1583 1310 1643 quo·

253 1679 317 1733 tem
330 1672 490 1732 menseiu-
1064 1686 1140 1731 rum‘
1155 1678 1231 1732 sunt
1248 1672 1308 1732 loci

253 1780 338 1839 lieno
361 1779 408 1839 sol
425 1798 491 1857 per·
1064 1777 1165 1851 dubii,
1217 1778 1313 1840 uncis

253 1885 349 1946 currit
1062 1885 1177 1946 inclusi

241 2009 334 2070 caper
507 1992 676 2053 Ianuarius
774 1991 907 2052 Posideo
1042 1992 1193 2052 Bucatius

240 2099 389 2176 aquarius
507 2097 698 2159 Februarius
774 2099 920 2159 Gemelio
1044 2099 1212 2160 Hermaeus

240 2205 342 2283 pisces
509 2182 644 2266 Martius
778 2205 979 2266 Anthesterio
1042 2204 1249 2266 Prostaterius

240 2312 321 2371 aries
509 2311 626 2390 Aprffis
774 2310 983 2390 Elaphebolio
1040 2309 1234 2394 (Agrionius)

240 2423 350 2479 taurus
507 2419 610 2479 Melus
773 2418 947 2496 Munychio
1043 2414 1197 2498 (Thiuios)

240 2525 358 2603 gemini
506 2526 619 2586 Iunius
772 2525 939 2602 Thergelio
1040 2523 1254 2615 (Homoloius)

241 2651 353 2693 cancer
509 2632 611 2693 Iulius
776 2631 976 2710 Scirophorio
1042 2628 1250 2710 (Thiluthius)

240 2740 288 2799 leo
507 2740 670 2816 Augustus
776 2738 1004 2800 Hecatombaeo
1042 2739 1300 2819 Hippodromius

240 2845 327 2923 ulrgo
507 2845 692 2924 September
771 2845 957 2923 Metagitnio
1040 2846 1198 2907 Panemus

241 2951 321 3011 libre
507 2951 643 3013 October
756 2952 962 3013 'Boedromio
1043 2948 1289 3032 (Pamboeotius)
1341 2974 1343 2976 ·

242 3059 362 3136 scorpio
508 3058 689 3120 Nouember
774 3059 954 3139 Pyonopsio
1041 3060 1224 3121 Demetrius

241 3165 419 3242 sagittarius
508 3165 681 3227 December
775 3166 988 3226 Maemacterio
1042 3167 1279 3228 Alalcomenius

346 3271 483 3343 Boeclrb
519 3273 575 3350 qui
609 3292 711 3351 neque
746 3291 857 3333 omnes
889 3292 1012 3334 menses
1036 3293 1139 3352 neque
1162 3274 1308 3335 ordinem

239 3397 348 3438 earum
384 3380 541 3456 cognouit,
577 3379 644 3440 heec
678 3379 863 3441 testimonia
897 3399 970 3440 cum
1002 3381 1160 3441 sententia
1182 3398 1239 3441 sua
1263 3382 1309 3442 ita

239 3485 454 3575 consocieuit‚⁴
473 3493 510 3546 ut
533 3486 620 3559 locis,
656 3485 942 3569 ubitProstaterius
966 3505 1040 3548 cum
1065 3487 1308 3549 Anthesterione

240 3599 451 3669 comparatur,
481 3594 630 3671 neglectis
655 3593 741 3654 hunc
764 3592 1050 3672 Elaphebolionem
1075 3613 1142 3654 esse
1165 3601 1309 3673 poneret,

239 3705 356 3759 ceteros
384 3704 491 3760 eutem
516 3717 640 3760 menses
663 3699 697 3760 in
721 3699 807 3774 loeiS,
844 3718 924 3778 quos
947 3699 986 3761 iis
1010 3700 1198 3761 Plutarchus
1222 3701 1306 3762 attri-

241 3803 318 3877 buit,
343 3824 471 3866 manere
494 3802 625 3867 iuberet.
662 3822 775 3885 perum
800 3814 883 3867 recte
906 3808 1013 3868 uirum
1030 3808 1191 3885 egregium
1207 3809 1309 3885 egisse

239 3909 361 3972 Gilbert
393 3912 485 3986 uidit,
521 3913 576 3992 qui
599 3933 629 3991 p.
657 3913 699 3973 30
723 3932 768 3991 sq.
794 3913 959 3976 mensibus
983 3915 1146 3975 Demetrio
1170 3921 1201 3975 et
1226 3915 1306 3973 Alel-

238 4018 382 4079 comenio
417 4038 434 4078 e
469 4019 550 4079 Plut.
575 4020 614 4081 de
639 4020 680 4081 Is.
707 4021 748 4081 69
772 4021 857 4082 locos
881 4021 937 4081 XI.
964 4028 995 4082 et
1017 4021 1092 4082 XII.
1118 4021 1308 4094 uindicauit,

239 4124 293 4184 sed
317 4125 419 4185 nihilo
442 4126 550 4187 miuus
574 4126 618 4200 id,
640 4128 725 4205 quod
750 4147 789 4188 ex
814 4129 864 4189 his
888 4128 1074 4189 concludere
1098 4145 1224 4188 neeesse
1248 4133 1304 4196 est,
