3225 5034
658 387 833 449 „75-

206 563 314 644 ipsum
338 565 522 643 cognouisse
545 565 740 628 sumendum
764 572 812 628 est
835 562 885 648 (ci.
911 566 944 627 id
965 566 1050 645 quod
1066 568 1163 646 paulo
1179 585 1276 647 supra

207 670 247 732 de
281 671 445 733 comoedia
478 672 703 750 antiquissima
737 672 834 750 dicit).
882 692 988 734 nonne
1021 673 1118 752 igitur
1149 673 1275 735 credere

206 777 280 839 licet
313 779 399 840 hunc
434 797 556 839 morem
590 778 711 841 diutius
742 780 919 841 seruauisse
943 779 1151 851 comoediam,
1176 799 1274 859 quarn

135 927 138 933 ,
206 901 276 946 sero
309 884 439 946 tandem
474 885 585 947 eadem
621 904 686 965 qua
719 886 915 965 tragoediam
950 905 1025 948 cura
1059 887 1177 948 cultam
1207 905 1274 948 esse

205 990 291 1051 idem
320 998 429 1053 auctor
452 993 558 1065 tradit,
583 993 674 1054 cuius
697 993 825 1072 propria
848 993 976 1055 lieentia
998 1000 1030 1055 et
1052 993 1275 1054 immoderatio

204 1097 354 1177 quaedam
389 1105 481 1174 sunt,
510 1118 591 1178 quae,
627 1099 780 1178 quicquid
815 1101 896 1173 uult,
932 1106 1123 1179 spectatores
1150 1100 1275 1161 credere

205 1206 299 1283 cogit,
323 1205 485 1267 interdum
508 1214 617 1268 autem
640 1207 844 1268 simulatione
867 1207 991 1268 abiecta
1013 1213 1133 1267 actores
1156 1206 1197 1267 ad
1221 1224 1275 1268 eos

202 1330 239 1374 se
262 1319 446 1375 conuertere
468 1314 579 1375 iubet?
625 1333 730 1375 nonne
754 1333 841 1375 more
865 1314 954 1394 epico
978 1313 1202 1392 antiquissima
1221 1333 1275 1374 no·

205 1417 254 1481 bis
278 1426 402 1482 seruata
427 1420 591 1482 comoedia
614 1421 790 1500 composita
813 1439 880 1482 esse
904 1422 1029 1500 potest‘l
1067 1420 1275 1481 iamdudum

204 1526 268 1587 uiri
301 1528 386 1589 docti
409 1528 662 1589 animaduertere
686 1547 732 1600 ea,
756 1546 829 1606 quae
852 1546 900 1588 ex.
926 1547 952 1588 c.
978 1528 1011 1588 in
1038 1531 1275 1605 Agamemnone

202 1632 351 1713 AEschyli
385 1643 416 1695 et
450 1635 484 1694 in
519 1633 698 1695 Heraclidis
732 1634 896 1714 Euripidis
930 1634 1088 1702 uidemus,
1123 1653 1188 1694 uno
1223 1632 1275 1693 die

204 1739 273 1800 fieri
308 1760 373 1803 non
404 1759 507 1820 posse.
559 1741 941 1803 Heautontimorumenos
975 1741 1113 1802 Terentii
1149 1739 1275 1801 duobus

203 1847 309 1925 agitur
343 1846 456 1908 diebus
489 1847 531 1921 (u.
570 1848 633 1909 248
668 1844 870 1928 vesperascit,
905 1856 995 1910 aetus
1030 1849 1089 1909 ΙΙΙ.
1121 1847 1276 1926 incipite

203 1954 312 2015 uerbis
336 1951 462 2017 lucescit
476 1951 532 2017 hcc
554 1951 646 2031 icm);
671 1954 711 2015 de
734 1955 869 2017 Octauia
892 1955 980 2032 loqui
1002 1955 1100 2016 uariis
1116 1954 1155 2015 de
1171 1953 1275 2015 causis

204 2079 310 2140 operae
344 2062 482 2140 pretium
517 2061 575 2122 uix
608 2068 665 2136 est,
701 2062 792 2123 cuius
826 2062 860 2122 in
895 2062 997 2141 priore
1033 2070 1121 2140 parte
1145 2060 1274 2139 nuptias

203 2161 350 2247 Poppaeae
384 2169 517 2241 futuras,
538 2169 571 2228 in
598 2169 769 2246 posteriore
792 2169 893 2229 iactas
917 2187 983 2229 esse
1007 2167 1172 2238 audimus3
1198 2167 1275 2228 Her·

203 2275 310 2336 aulem
334 2275 478 2336 Oetaeum
502 2276 638 2336 missum
661 2275 752 2336 facio.
797 2274 913 2352 quodsi
935 2276 991 2335 illa
1013 2275 1169 2336 sententia
1192 2278 1275 2334 nete

202 2401 277 2443 rum
302 2381 425 2457 luisset,
448 2386 558 2461 politas
581 2381 768 2462 posteriores
791 2401 862 2442 eam
886 2382 1090 2460 amplexuros
1111 2382 1208 2441 luisse
1224 2399 1276 2440 ex·

202 2493 320 2568 pectes.
368 2489 464 2550 altius
498 2495 606 2550 autern
637 2507 733 2549 causa
767 2488 867 2567 petita
900 2493 956 2566 est,
993 2507 1049 2549 cur
1071 2487 1189 2548 iabulae
1212 2487 1274 2548 sin·

202 2596 287 2674 gulis
322 2595 435 2657 diebus
469 2601 645 2674 agerentur,
678 2613 695 2655 e
730 2601 845 2655 natura
878 2602 909 2655 et
932 2595 1051 2672 origine
1074 2595 1145 2673 ipsa
1167 2593 1271 2672 poesis

203 2703 355 2765 scaenicae.
403 2701 489 2780 quod
518 2702 632 2764 chorus
655 2720 780 2780 semper
802 2702 837 2761 in
860 2720 964 2761 scaena
988 2709 1104 2766 manet,
1130 2700 1273 2761 fabulam

202 2829 271 2871 uno
305 2809 356 2870 die
392 2809 441 2887 agi
472 2815 614 2888 oportere
638 2814 762 2887 putant,
788 2827 828 2868 ne
852 2809 976 2880 chorus,
1001 2807 1104 2882 crede,
1129 2807 1274 2868 cubitum

204 2915 308 2978 abeat.
348 2916 375 2977 si
398 2915 508 2976 fabula
531 2921 568 2975 ut
590 2916 789 2993 Agamemno
814 2934 878 2975 uno
902 2914 953 2975 die
976 2915 1026 2992 agi
1042 2914 1163 2993 nequit,
1180 2918 1274 2992 po'eta

203 3022 322 3083 dieitur
356 3022 472 3100 fingere
506 3022 615 3082 omnia
649 3021 701 3082 die
730 3041 795 3083 uno
819 3022 897 3096 fieri,
911 3022 1117 3101 'quamquam
1143 3039 1275 3080 reuera

203 3148 271 3191 non
294 3134 437 3209 possunt,
462 3133 498 3188 ut
521 3129 581 3189 hoc
605 3128 701 3189 modo
725 3128 868 3207 opinioni
893 3128 1036 3189 satisfiat.
1073 3127 1181 3205 itaque
1198 3134 1275 3188 tem·
1354 3116 1357 3121 ¹

202 3255 266 3316 pus
290 3255 390 3296 unum
415 3254 482 3297 esse
505 3235 636 3296 simulat
651 3240 754 3314 poeta,
771 3235 827 3314 qui
844 3236 939 3295 choro
955 3235 987 3294 in
1006 3252 1109 3295 seaena
1126 3239 1275 3295 manente

204 3342 275 3404 dies
300 3342 404 3403 uarios
428 3361 492 3402 non
516 3342 671 3415 nominat,
696 3351 733 3403 ut
755 3361 808 3402 eos
832 3343 938 3416 plures
961 3359 1028 3401 esse
1052 3360 1115 3400 non
1132 3340 1275 3401 animad-

204 3455 332 3511 uertant
355 3454 555 3528 spectatores.
596 3449 710 3509 sedne
738 3448 800 3515 hoc,
825 3448 955 3526 quidem
973 3467 1083 3508 uerum
1101 3459 1158 3507 est.
1199 3466 1275 3507 nam

204 3556 238 3616 in
274 3555 448 3634 Lysistrata
483 3556 704 3634 Aristophanis
744 3556 891 3616 mulieres
925 3574 1029 3615 arcem
1064 3564 1222 3632 occupant
1245 3559 1276 3615 et

202 3669 278 3743 post
311 3663 434 3740 aliquot
462 3662 529 3723 dies
553 3662 671 3724 scilicet
695 3662 828 3722 libidine
851 3661 1103 3731 inflammantur,
1129 3661 1214 3738 quod
1238 3665 1276 3721 nt

205 3788 251 3842 ea,
277 3788 348 3847 quae
371 3769 405 3830 in
430 3770 668 3847 Agamemnone
692 3769 783 3840 fiunt,
808 3776 912 3846 potest
932 3767 1089 3846 expediri:
1115 3766 1168 3827 sed
1186 3767 1275 3826 nullo

204 3876 302 3936 modo
338 3895 411 3937 cum
447 3875 596 3954 opinione
623 3875 678 3935 illa
702 3875 900 3936 consociatur
923 3875 966 3948 id,
991 3873 1076 3952 quod
1103 3873 1275 3950 Lysistrata

206 3982 283 4044 dicit
307 4002 338 4042 u.
365 3982 428 4043 723
452 4001 521 4060 sqq,
546 3981 602 4042 ubi
625 4001 702 4051 rem,
728 4000 825 4059 quarn
850 3988 922 4059 post
942 3986 1190 4058 arcemcaptam
1206 3996 1275 4037 eue-

204 4089 290 4151 nisse
314 4109 440 4151 necesse
463 4096 520 4162 est,
545 4089 739 4150 hesterno
762 4088 814 4148 die
838 4084 941 4168 (χθὲς)
963 4089 1082 4147 iactam
1103 4104 1169 4146 esse
1193 4104 1276 4145 com·
