3225 5034
743 382 918 442 ...68-

403 560 450 620 De
484 561 550 637 iege
584 558 719 637 Euegori
753 555 847 639 (XV),
883 558 916 618 in
951 576 1015 636 qua
1041 559 1139 620 eiiam
1163 560 1366 620 Anthesten‘s

296 667 426 731 nomine
460 666 645 727 Lenaeorum
669 664 840 743 significari
864 671 957 743 putat
980 665 1101 726 Gilbert
1125 686 1148 745 p
1175 667 1234 728 143
1259 684 1306 744 sq,
1331 667 1362 726 P.

295 774 432 837 Fouoart
459 772 532 834 Rev.
571 772 610 832 de
645 771 756 836 Philol.
787 772 813 846 1,
841 772 902 833 168
926 790 985 850 sqq
1008 773 1186 836 luculenter
1208 773 1366 834 disserens

295 859 438 942 nostram
454 899 588 959 ,quoqne
607 878 791 958 profligauit
807 879 1027 957 questionem.
1066 879 1127 940 hoo
1142 880 1228 941 enim
1245 885 1365 954 monet,

294 1005 425 1049 oausam
456 1005 519 1049 non
544 1004 621 1059 esse,
646 1004 702 1046 our
724 984 765 1046 ed
789 985 942 1064 Dionysia
965 986 1032 1047 sola
1055 986 1156 1063 legem
1180 986 1363 1048 referamus.

295 1094 336 1159 de
369 1093 543 1171 Tbargetiie
572 1111 709 1172 quoque,
733 1110 805 1171 quae
829 1092 982 1171 Dionysia
1004 1112 1070 1153 non
1093 1099 1192 1166 erant,
1217 1094 1280 1153 iata
1305 1100 1363 1157 eet.

294 1219 393 1279 quere
408 1219 473 1261 non
488 1200 550 1260 hoo
564 1199 750 1261 interdicere
767 1200 896 1260 uoluere
912 1200 1130 1273 Athenienses,
1147 1219 1187 1260 ne
1199 1200 1234 1260 in
1246 1200 1363 1278 Diony·

221 1351 224 1356 -
294 1306 352 1368 siis
372 1307 488 1386 pignus
511 1313 684 1386 caperetur,
709 1306 763 1367 sed
787 1306 858 1367 iuro
880 1306 1029 1384 quedam
1053 1308 1212 1385 mysteriis
1239 1319 1271 1367 et
1286 1307 1364 1367 Pan-

293 1414 448 1475 athenaeis
481 1413 608 1493 propria
641 1412 681 1473 sd
719 1413 797 1474 olias
832 1432 960 1492 quoque
994 1413 1088 1474 ferias
1121 1414 1362 1475 transtulerunt.

294 1539 375 1599 quen
419 1521 557 1594 uolnere,
601 1520 773 1597 elegorum
814 1520 841 1581 si
879 1519 951 1597 quis
991 1519 1201 1592 Anthedona,
1241 1521 1361 1581 festum

292 1632 388 1688 uetus
418 1646 455 1688 ae
478 1633 635 1699 sanetum,
660 1644 794 1689 numero
818 1645 927 1687 eornm
951 1626 1182 1705 comprehensa
1203 1646 1269 1687 non
1293 1645 1360 1688 esse

294 1733 437 1807 miretur,
465 1752 531 1807 our,
562 1752 679 1811 quaero,
703 1732 767 1793 atie
789 1733 880 1805 festa,
904 1750 976 1811 quae
1000 1732 1133 1794 eandem
1147 1733 1361 1805 ,moditatem

291 1847 324 1901 et
347 1840 571 1919 antiquitatem
594 1858 660 1919 proe
683 1857 716 1901 se
738 1839 892 1911 ferebant,
915 1846 951 1900 nt
968 1840 1122 1918 Apaturia
1137 1820 1168 1901 ei
1183 1840 1363 1919 Pyanopsis

291 1947 411 2009 omissa
435 1947 535 2008 sunt?

294 2300 451 2380 Utrum
472 2299 687 2399 Dionysia
708 2299 909 2402 aqrestis
930 2321 1034 2379 oum
1055 2299 1360 2380 Anthesteriis

374 2424 653 2527 ooniunqere
689 2423 829 2505 lineat
858 2445 1020 2516 neone,
1048 2423 1279 2525 quaeritur.

398 2604 502 2665 Tema
524 2604 560 2665 in
582 2623 647 2665 una
670 2604 834 2682 Dionysia.
847 2602 1001 2665 conflauit
1024 2603 1156 2665 Gilbeit.
1196 2622 1360 2681 argumen-

290 2711 334 2773 tis
349 2710 455 2772 denuo
471 2711 620 2790 spectatis
638 2710 752 2772 Lenaeo
767 2710 817 2771 sui
833 2711 910 2771 iuris
927 2729 994 2771 esse
1009 2710 1161 2784 uidimus,
1179 2710 1234 2770 sed
1251 2716 1359 2772 utrum

291 2817 445 2897 Dionysio
465 2818 600 2895 agrestio
615 2836 690 2878 oum
706 2817 918 2878 Anthesteriis
933 2816 1155 2894 coniungenda
1170 2817 1233 2878 sint
1250 2836 1359 2891 neone,

291 2943 350 2985 sua
384 2923 606 3002 disquisitione
636 2923 767 3002 indiget.
816 2923 998 2984 testimonie
1022 2925 1110 2984 nulla
1133 2930 1207 2984 sunt
1232 2924 1293 2984 nisi
1316 2926 1358 2984 fa·

290 3031 367 3092 bula
401 3030 655 3092 thernensium
686 3027 926 3109 Aristophaneo,
951 3048 1023 3108 quae
1046 3049 1115 3090 eam
1140 3031 1270 3091 obrem
1296 3049 1360 3090 ms·

290 3137 371 3198 ximi
406 3144 453 3198 est
488 3137 651 3198 momenti.
700 3142 841 3198 ceterum
871 3136 1047 3198 similitudo
1071 3116 1220 3215 quaedam
1244 3137 1359 3215 Diony·

289 3244 411 3305 siomm
440 3244 611 3322 agrestium
635 3250 667 3304 et
689 3243 964 3305 Anthesteriorum
988 3243 1128 3318 affertur,
1153 3263 1225 3322 qnae
1247 3261 1359 3321 perse

289 3370 355 3411 non
390 3351 530 3412 multum
565 3351 659 3411 ualet.
707 3357 859 3430 praeterea
886 3351 1086 3424 testimoniis,
1111 3369 1183 3429 quae
1206 3351 1360 3429 Dionysia

288 3458 425 3535 agrestia
447 3477 521 3519 oum
537 3457 661 3519 Lenaeis
675 3458 883 3535 coniungunt,
901 3457 1013 3518 nititur
1029 3456 1165 3531 Gilbert;
1190 3477 1266 3517 nam
1284 3476 1358 3518 oum

289 3564 404 3625 Lenaea
426 3563 538 3624 eodem
562 3572 657 3643 atque
681 3564 884 3625 Anthesteria
906 3583 973 3625 esse
996 3583 1029 3625 se
1052 3563 1192 3626 effecisse
1208 3564 1356 3637 erederet,

289 3671 350 3731 hoo
383 3670 479 3731 modo
502 3671 655 3749 Dionysia
677 3671 812 3749 agrestia
835 3687 962 3749 quoqne
985 3671 1098 3731 eadem
1122 3677 1218 3749 atque
1241 3669 1369 3732 Anthe'

287 3777 384 3838 steria
407 3795 473 3838 esse
497 3776 713 3839 demonstrare
736 3777 850 3856 potuit.
890 3778 1043 3855 quoniam
1063 3782 1170 3838 autem
1188 3778 1302 3839 Lenaes
1316 3776 1357 3839 ad

289 3884 492 3945 Anthesteris
525 3903 589 3945 non
626 3885 794 3963 pertinent,
832 3904 917 3947 noun
946 3885 1046 3945 oritur
1068 3885 1216 3962 qnaestio;
1241 3893 1358 3945 suntne

289 3990 403 4051 Lenaea
437 3997 469 4051 et
502 3990 654 4068 Dionysia
685 3991 820 4069 agrestia
843 3992 929 4052 idem
953 3992 1093 4052 festum?
1139 3990 1358 4052 inbannitis

287 4097 432 4158 confecta
454 4096 683 4176 inquirendum
707 4105 763 4158 est.
