3225 5034
674 383 874 444 —103—

240 567 309 637 trag
343 580 374 638 p.
409 559 487 634 2083
513 556 657 626 Διόνυσος
681 557 802 641 φαλλήν
826 558 909 624 Paus
932 559 973 632 X,
1000 560 1050 631 19,
1076 560 1106 620 3.
1130 561 1158 622 si
1182 561 1309 639 phallus

240 667 318 730 olim
355 667 482 744 proprio
516 667 604 727 cultu
640 665 812 739 colebatur,
841 666 1032 728 nouaclum
1058 666 1229 740 Bacchum,
1254 667 1309 730 sed

241 774 319 834 alios
343 792 470 851 quoque
485 773 572 847 deos,
589 773 645 851 qui
661 772 848 836 fecunditati
867 772 1089 851 praesidebant,
1105 773 1166 834 hoc
1182 773 1310 851 signum

240 879 391 944 habuisse
429 887 460 940 et
498 880 589 958 quasi
624 880 755 942 herodes
789 879 890 958 phalli
924 880 1025 942 factos
1060 899 1127 941 esse
1161 900 1219 958 par
1251 885 1308 941 eat.

241 986 280 1047 de
319 987 447 1050 Phalete
486 987 549 1050 iam
590 987 667 1059 dixi,
706 985 858 1064 Priapum
898 1005 962 1048 non
1000 1006 1118 1058 mor0r3
1159 987 1198 1046 de
1233 987 1309 1050 Mer·

241 1095 328 1154 curio
367 1112 469 1171 pauca
507 1094 650 1165 afferam,
690 1112 786 1170 quem
827 1093 923 1156 deum
956 1093 1136 1171 antiquitus
1170 1100 1311 1171 pastores

241 1200 484 1269 uenerabantur,
521 1219 658 1278 quorum
692 1219 800 1278 greges
831 1199 988 1278 propitius
1012 1201 1098 1277 prole
1121 1200 1257 1278 augebat
1280 1206 1312 1260 et

240 1316 369 1385 pastum
405 1326 422 1366 e
455 1312 539 1367 terra
565 1306 704 1372 fundens
727 1305 841 1367 alebat.
889 1307 1016 1368 hermas
1039 1306 1155 1385 phallis
1179 1308 1312 1367 instruo·

240 1418 291 1474 tos
323 1432 390 1474 esse
413 1432 525 1476 omues
548 1414 680 1485 scimus;
706 1414 739 1476 in
764 1418 873 1474 monte
897 1420 1005 1476 autem
1030 1413 1159 1491 Cyllene
1184 1414 1311 1491 phallus

242 1521 416 1581 Mercurius
451 1520 685 1598 appellabatur;
722 1520 814 1580 Paus.
852 1519 907 1593 VI,
943 1521 994 1594 26,
1020 1520 1039 1579 3
1065 1526 1114 1578 roo
1140 1514 1253 1600 Ἑρμοῦ
1278 1515 1311 1580 δὲ

242 1627 274 1686 τὸ
311 1622 447 1705 ἄγαλμα,
472 1622 503 1684 ὃν
528 1620 556 1685 οἱ
580 1626 672 1706 ταοτῃ
695 1633 845 1705 περισσῶς
869 1619 1017 1703 σέβουσιν,
1042 1620 1136 1704 ὀρθόν
1161 1622 1239 1685 ἐστιν
1263 1620 1311 1683 αὶ-

242 1729 322 1792 δοῑον
358 1729 406 1793 ἐπὶ
433 1740 483 1793 τοῦ
506 1733 637 1810 βάθρου.
662 1735 702 1794 cl.
728 1734 802 1794 Luc.
829 1734 899 1812 Iup.
925 1741 1002 1810 trag.
1028 1734 1079 1805 42,
1105 1733 1259 1798 Artemid.
1285 1734 1310 1806 l,

242 1841 294 1901 45.
322 1840 360 1900 de
385 1836 541 1902 Mercurio
565 1841 703 1919 phallico
727 1860 757 1900 u.
782 1840 853 1906 Hdt
876 1841 919 1913 Il,
937 1840 990 1901 51.

350 1947 473 2007 Gilbert
495 1966 525 2025 p.
553 1946 594 2008 95
618 1948 726 2021 ollam,
751 1947 790 2006 de
815 1965 878 2025 qua
902 1947 1091 2024 Dicaopolis
1114 1966 1144 2006 u.
1164 1945 1228 2006 284
1244 1951 1310 2006 tam

241 2055 396 2116 sollicitus
431 2063 487 2125 est,
522 2073 561 2113 ne
583 2059 774 2127 conteratur,
800 2053 1039 2132 pauspormiam
1062 2053 1223 2116 continere
1246 2071 1311 2116 sus

241 2161 366 2239 picatus
401 2169 457 2221 est.
505 2161 530 2221 si
566 2161 736 2221 scholiasta
770 2180 817 2233 ea,
853 2179 924 2239 quae
958 2161 1057 2222 sobal.
1087 2159 1128 2219 ad
1153 2161 1206 2220 Ar.
1232 2160 1309 2226 Aah.

243 2267 306 2330 242
343 2265 478 2344 (XXIX)
512 2267 618 2341 tradit,
647 2276 728 2327 recte
752 2268 791 2327 ad
819 2267 970 2345 Dionysia
993 2267 1127 2343 agrestia
1151 2268 1253 2340 refert,
1277 2266 1312 2326 in

242 2393 280 2433 ea
303 2392 420 2452 pompa
446 2374 584 2452 uirgines
607 2375 845 2453 pauspermiam
869 2375 1001 2452 gessisse
1024 2373 1187 2445 uidentur3
1212 2373 1312 2451 suspi-

242 2480 365 2541 cionem
391 2487 498 2542 autem
523 2487 631 2541 mouet
647 2480 827 2559 descriptio
845 2499 916 2558 quae
932 2480 1018 2542 feriis
1035 2481 1158 2558 magnis
1173 2485 1206 2540 et
1221 2479 1312 2540 urba·

242 2588 293 2652 nis
306 2588 420 2647 melius
432 2589 591 2648 conuenit.
617 2587 672 2648 sed
685 2588 810 2648 etiamsi
823 2606 872 2648 res
885 2587 1080 2665 amplificata
1092 2595 1148 2658 est,
1163 2605 1238 2650 uera
1249 2592 1310 2657 est;

242 2693 466 2771 Dicaeopolidis
490 2694 621 2770 quidem
645 2695 849 2772 panspermia
873 2694 953 2754 mihi
978 2693 1077 2756 dubia
1100 2701 1156 2766 est,
1173 2692 1228 2753 sed
1246 2693 1312 2752 filia

241 2801 276 2860 in
311 2800 403 2860 corbe
436 2794 580 2879 ἀπαρχὰς
603 2801 673 2872 lert,
700 2820 729 2860 u.
756 2802 820 2860 244
843 2799 983 2859 κατάθου
1008 2800 1039 2857 τὸ
1063 2808 1182 2872 κοινοῦν,
1206 2791 1230 2855 ὦ
1253 2797 1311 2857 θίν-

243 2924 345 2984 γατερ,
383 2900 420 2963 ἵν’
458 2901 676 2987 ἀπαρξώμεθα.
724 2908 774 2967 hae
810 2907 959 2985 primitiae
994 2908 1122 2983 frugum
1157 2939 1200 2947 -
1235 2924 1311 2965 nam

242 3013 363 3076 animal
386 3014 419 3073 in
444 3032 547 3074 scaena
572 3014 702 3074 mactari
729 3033 791 3074 non
817 3020 987 3092 potest-
1012 3013 1093 3073 mihi
1108 3012 1312 3091 pauspermia

242 3139 310 3182 esse
334 3120 484 3182 uidentur
508 3140 565 3198 pro
589 3119 732 3198 frugibus
758 3121 866 3181 oblata
890 3126 925 3180 ut
949 3120 1019 3182 CIA
1043 3119 1103 3193 ΙΙΙ,
1132 3118 1172 3179 77
1203 3144 1243 3168 =
1272 3118 1311 3178 ds

244 3227 331 3290 Prott
365 3231 436 3288 last.
474 3247 550 3288 sacr.
588 3229 607 3287 3
643 3229 663 3287 l.
703 3229 742 3290 12
773 3222 1047 3308 Μαιμακτηριῶνος
1070 3223 1118 3284 Διὶ
1143 3221 1165 3284 Γ
1167 3211 1312 3304 sappiri

243 3337 375 3394 πόπανον
403 3340 582 3413 χοτντκιαῖον
607 3329 799 3416 ὀρθόνραλον
824 3327 1063 3414 δωδεκὸνφαλον,
1087 3332 1193 3391 ναστὸν
1217 3350 1312 3412 χοινι-

243 3446 342 3498 κταῖον
381 3434 651 3520 ἐπιπεπλασμὲνον.
688 3441 880 3518 πανκαρπίαν
915 3437 1069 3522 νηφάλιον.
1128 3439 1180 3500 hic
1215 3438 1311 3499 etiam

244 3546 393 3608 uidemus
409 3548 501 3610 initio
519 3547 635 3608 hiemis
652 3548 711 3608 deo
727 3548 926 3624 agriculturae
942 3553 1075 3624 patrono
1092 3564 1179 3608 sacra
1195 3544 1312 3619 offerri,

244 3654 398 3714 nimirum
434 3662 470 3714 ut
504 3675 520 3713 e
555 3654 731 3716 seminibus
758 3673 860 3732 nuper
883 3655 917 3713 iu
939 3661 1022 3716 terra
1045 3652 1181 3714 conditis
1204 3652 1314 3730 opima

245 3769 364 3821 crescat
389 3762 509 3824 messis.
557 3761 597 3820 de
621 3761 823 3838 pansperrnia
848 3760 995 3838 inprimis
1018 3759 1256 3836 Thargeliorum
1281 3763 1314 3818 et

245 3866 496 3945 Pyauopsiorum
520 3869 651 3944 eiusque
674 3867 904 3944 significatione
923 3866 997 3932 uide
1013 3886 1105 3944 porro
1122 3863 1312 3926 Manuhard·

245 3974 328 4034 tium
353 3976 426 4036 Ant.
452 3973 528 4032 Feld
553 3992 574 4033 u
611 3973 788 4034 Waldculte
814 3974 877 4033 226
901 3991 970 4050 sqq,
996 3973 1060 4036 248
1083 3991 1151 4050 sqq.
