3225 5034
428 585 510 645 Cum
546 586 610 644 iam
635 592 757 645 certum
780 583 928 644 uideatur
951 584 1105 662 Dionysia
1127 583 1262 661 agrestia
1284 582 1325 642 ad
1349 584 1390 642 le·

321 691 519 753 cunditatem
555 690 790 769 impetrandam
826 694 897 751 acta
929 709 1005 762 esse,
1030 689 1069 749 de
1093 689 1261 750 Theoeniis
1285 689 1392 768 dispu-

320 803 387 859 tare
421 817 547 859 necesse
583 804 638 858 est.
686 816 762 858 nam
797 816 843 868 ea,
873 815 945 875 quae
968 796 1028 857 deo
1051 796 1120 857 uini
1144 796 1301 857 celebrata
1323 814 1391 858 esse

320 906 428 983 ipsum
463 924 580 964 nomen
615 904 764 975 ostendit,
793 903 906 964 eedem
930 923 966 964 ac
990 903 1143 980 Dionysia
1166 903 1300 981 agrestia
1323 922 1391 964 esse

320 1013 417 1089 uulgo
452 1012 595 1083 credunt,
629 1030 729 1089 eoque
763 1011 831 1072 haec
866 1030 993 1089 quoque
1020 1011 1088 1071 uini
1112 1029 1208 1071 causa
1231 1017 1302 1071 acta
1324 1029 1391 1072 esse

320 1118 444 1179 efficere
467 1120 589 1178 uolunt.
639 1118 785 1178 nituntur
807 1119 921 1196 glossa,
946 1137 1044 1196 quam
1068 1117 1183 1178 Suidas
1207 1121 1239 1178 et
1264 1118 1390 1195 plenius

320 1225 530 1303 Harpocratio
554 1225 685 1284 tradunt
708 1243 731 1285 s.
757 1244 788 1285 u.
814 1217 955 1283 Θεοίνιον·
982 1219 1159 1303 Λυκοῦργος
1183 1220 1213 1283 ἐν
1238 1231 1273 1304 τῇ
1294 1221 1391 1283 διαδι-

319 1332 414 1409 καοίογ
440 1325 631 1409 decanatui
652 1331 727 1410 πρὸς
744 1325 942 1410 Κοιρωνὶδοις,
968 1331 1004 1390 τὰ
1020 1331 1100 1389 κατὰ
1117 1327 1232 1412 δήμους
1249 1326 1392 1391 Διονυοια

319 1429 440 1496 Occium
465 1433 596 1512 dli-pero,
621 1432 652 1497 ἐν
676 1431 721 1505 οἷς
741 1432 770 1496 οἱ
785 1445 923 1519 γεννῆται
940 1432 1080 1497 ἐπέθυον·
1106 1437 1154 1497 τὸν
1172 1438 1229 1517 γὰρ
1247 1434 1391 1498 Διόνυσον

319 1539 440 1603 Θὲοτνον
454 1540 568 1619 ἔλεγον.
583 1537 625 1611 ὡς
637 1540 726 1626 δηλοῖ
739 1537 896 1624 Αἶσχυλος
907 1544 960 1603 καὶ
973 1539 1094 1623 Ἴστρος
1107 1542 1137 1603 ὲν
1151 1541 1179 1602 α’
1195 1540 1389 1630 Συναγωγῶν.

314 1649 356 1710 ’τὰ
374 1651 454 1709 κατὰ
467 1648 582 1732 δήμους
594 1651 657 1712 dici
669 1651 848 1712 notandum
862 1658 917 1723 est,
931 1671 1034 1730 neque
1047 1652 1196 1730 equidem
1210 1672 1249 1713 ex
1263 1673 1300 1713 eo
1312 1653 1391 1713 The·

319 1758 412 1818 oenia
428 1758 539 1818 eadem
552 1777 620 1819 esse
632 1758 819 1819 concludere
832 1759 936 1820 ausim
948 1779 985 1819 ac
997 1759 1151 1837 Dionysia
1162 1760 1296 1836 agrestia
1308 1760 1391 1821 Posi·

319 1864 420 1924 deone
444 1871 529 1937 acta3
553 1884 630 1925 nam
648 1865 713 1925 fieri
729 1866 844 1944 potuit,
861 1871 898 1926 ut
913 1866 983 1926 aliae
999 1866 1085 1927 feriae
1101 1866 1226 1927 Baccho
1242 1867 1307 1926 ruri
1322 1887 1393 1945 age·

318 1977 428 2031 rentur
444 1977 539 2050 atque
555 1991 609 2045 eae,
627 1990 706 2049 quas
722 1972 876 2051 Dionysia
891 1972 1026 2050 agrestia
1040 1968 1108 2030 κατ’
1126 1967 1237 2053 ἐξοχὴν
1253 1975 1391 2052 appella-

319 2097 401 2138 mus.
439 2098 510 2156 quae
545 2079 584 2139 de
619 2079 787 2140 Theoeniis
821 2085 943 2140 ueteres
974 2078 1114 2153 tradunt,
1139 2079 1276 2140 duorum
1301 2100 1391 2157 gene

318 2204 391 2245 rum
427 2192 515 2257 snnt;
545 2186 679 2246 alterum
704 2185 737 2245 id
761 2192 817 2257 est,
843 2185 929 2264 quod
953 2206 993 2246 ex
1015 2186 1157 2247 oratione
1180 2187 1314 2265 Lycurgi
1338 2188 1391 2247 uel

319 2291 438 2351 Philini
462 2293 592 2371 eiusque
616 2292 744 2353 scholiis
767 2293 905 2371 petitum
929 2300 977 2354 est
1000 2289 1184 2372 (usupra),
1209 2300 1241 2354 et
1261 2295 1328 2354 eius
1345 2295 1390 2354 rei

318 2399 400 2460 ratio
423 2398 571 2459 habenda
595 2404 651 2472 est,
676 2398 762 2476 quod
786 2399 826 2459 ed
852 2405 970 2459 certam
989 2400 1187 2460 occasionem
1204 2405 1391 2478 certumque

318 2507 426 2565 locum
450 2506 517 2566 haec
540 2506 658 2584 scripta
682 2511 766 2566 sunt.
813 2513 845 2566 et
868 2505 1058 2567 Croconidas
1082 2512 1113 2566 et
1129 2506 1321 2567 (loeronidas
1337 2527 1390 2567 no·

319 2612 399 2673 biles
434 2612 612 2673 Eleusinios
647 2613 755 2685 tuisse,
792 2612 847 2690 qui
882 2612 996 2673 officiis
1020 2613 1116 2673 sacris
1140 2614 1291 2692 cultuque
1315 2633 1391 2691 quo

318 2718 395 2778 dam
429 2718 655 2796 iungebantur,
691 2738 707 2778 e
741 2719 928 2796 fragmentis
963 2720 1113 2780 orationis
1149 2727 1289 2799 apparet.
1338 2718 1389 2801 (de

318 2824 466 2903 gentibus
501 2824 592 2885 docte
627 2824 753 2886 disserit
787 2825 943 2904 Toepffer‚
973 2828 1038 2887 Au.
1064 2827 1192 2888 Geneal.
1221 2828 1279 2887 101
1308 2824 1390 2908 sqq.)

318 2936 423 2991 orator
446 2931 532 2990 enim
556 2931 596 2991 de
619 2932 705 2992 feriis
728 2932 879 3010 loquitur,
904 2934 937 2992 in
957 2933 1074 3010 quibus
1091 2933 1277 3012 Proserpina
1293 2953 1390 2994 emer-

317 3056 388 3115 gere
412 3037 599 3097 credebatur
622 3034 786 3117 (Harpocr.
813 3058 836 3099 s.
862 3058 893 3099 u.
920 3033 1213 3121 Προσχαιρητήρια),
1231 3047 1262 3101 et
1280 3041 1390 3100 Dinar-

318 3144 397 3205 chus
432 3144 632 3205 aduersarius
668 3144 707 3205 de
731 3145 918 3206 muneribus
942 3146 1160 3224 hierophantae
1184 3146 1282 3226 (idem
1307 3166 1330 3207 s.
1356 3166 1388 3207 u.

318 3243 520 3333 ἱεροφάντης),
560 3252 679 3312 scilicet
717 3251 804 3330 quod
843 3253 911 3313 haec
950 3253 990 3313 ad
1026 3254 1158 3314 alteram
1193 3255 1244 3314 uel
1278 3253 1390 3315 ambas

317 3363 427 3435 gentes
462 3359 569 3436 aliquo
605 3358 700 3418 modo
735 3357 947 3436 pertinebant.
1006 3360 1051 3421 sic
1086 3361 1119 3420 in
1155 3360 1389 3421 Theoeniorum

318 3482 445 3541 quoque
481 3465 576 3526 sacris
609 3465 741 3525 alteram
765 3465 817 3525 uel
841 3465 953 3526 ambas
977 3472 1100 3545 partem
1124 3468 1223 3544 egisse
1247 3474 1402 3546 apparet(

319 3569 357 3629 de
381 3571 487 3631 uerbis
512 3566 542 3629 ἐν
567 3564 612 3638 οἷς
636 3565 663 3630 οἱ
687 3578 826 3653 γεννῆται
850 3566 980 3631 ἐπέθυον
1003 3573 1037 3633 in
1057 3575 1177 3650 glossis,
1196 3593 1275 3651 quas
1292 3592 1389 3653 supra

318 3677 421 3750 attuli,
457 3683 539 3738 recte
575 3677 720 3738 nondum
755 3678 934 3740 iudicatum
969 3685 1024 3741 est.
1062 3700 1110 3740 ex.
1147 3701 1172 3741 c.
1210 3680 1333 3742 Gilbert
1357 3701 1387 3759 p.

319 3782 359 3844 67
385 3782 545 3844 Theoenia
567 3774 602 3844 in
626 3785 776 3846 omnibus
800 3785 903 3847 demis
926 3793 962 3847 ut
985 3787 1139 3865 Dionysia
1162 3788 1296 3865 agrestia
1312 3789 1388 3847 cele·

318 3889 409 3951 brata
432 3909 498 3951 esse
523 3890 647 3952 efficere
670 3892 783 3966 uoluit,
808 3897 845 3953 ut
867 3891 936 3953 haec
959 3898 990 3953 et
1013 3894 1069 3953 illa
1083 3893 1170 3953 idem
1186 3894 1305 3954 festum
1322 3913 1389 3954 esse

317 3998 416 4057 etiam
441 3998 542 4076 magis
566 3999 815 4072 confirmaretur,
841 4018 905 4077 qua
929 3999 962 4059 in
986 4020 1018 4060 re
1042 4020 1154 4060 uocem
1178 4007 1316 4081 γεννῆται
1337 4020 1388 4079 ap-

317 4108 385 4164 tam
409 4124 474 4164 non
497 4123 564 4166 esse
588 4125 653 4166 non
676 4106 900 4178 considerauit,
925 4125 996 4185 quae
1019 4125 1084 4166 uox
1107 4125 1267 4184 orgeones,
1292 4108 1390 4167 maio·
