3225 5034
673 428 873 487 -129-

238 605 276 665 de
300 605 410 684 piratis
434 607 474 665 ad
498 606 619 666 insulas
643 605 739 665 maris
762 604 863 682 AEgaei
887 605 1040 665 referatur
1063 612 1094 666 et
1113 607 1318 668 haecomnia·

237 712 277 771 ad
302 713 529 773 commercium
554 711 752 772 maritimum
776 717 930 798 spectent,
948 712 1034 772 hune
1051 712 1146 773 deum
1164 714 1305 775 ionicum

237 838 305 879 esse
330 826 417 897 puto.

344 926 415 986 Duo
449 926 566 987 Bacchi
594 925 726 986 Ionibus
750 945 937 986 communes
961 931 1063 987 erant:
1090 927 1231 1000 Lenaeus,
1256 930 1307 989 eui

238 1033 372 1094 Athenis
396 1033 510 1094 Lenaea
533 1033 708 1110 agebantur
731 1041 762 1093 et
785 1032 900 1094 Lenaeo
917 1033 1035 1094 mensis
1051 1034 1174 1095 ionicus
1190 1027 1310 1095 nomen'

238 1140 341 1213 debet,
378 1123 408 1200 et
443 1139 521 1200 deus
557 1139 842 1212 Anthesteriorum‚
876 1139 927 1199 oui
953 1141 1161 1201 Athenienses
1185 1160 1307 1201 nouum

237 1248 351 1307 uinum
387 1246 623 1314 consecrabant,
648 1245 783 1307 Athenis
807 1266 827 1306 a
850 1246 918 1308 loeo
943 1246 1113 1321 Limnaeus,
1138 1248 1308 1326 Magnesia

237 1373 255 1413 a
291 1354 503 1415 Themistocle
538 1353 703 1432 Ohoopota
738 1353 926 1432 appellatus.
975 1372 1046 1431 quae
1078 1373 1153 1415 eum
1176 1355 1221 1415 ita
1244 1355 1309 1416 sint

236 1467 269 1520 et
303 1479 422 1538 pompa
458 1461 516 1521 deo
551 1479 645 1521 curru
682 1459 790 1519 nauali
823 1478 878 1538 per
905 1459 974 1520 uias
998 1466 1089 1521 ueoto
1113 1461 1190 1523 satis
1213 1461 1308 1522 unica

236 1568 288 1636 sit,
324 1587 388 1627 non
412 1567 534 1640 dubitn,
559 1568 637 1645 quin
661 1573 693 1627 et
716 1566 862 1644 Smyrnae
886 1573 917 1626 et
940 1566 1074 1627 Athenis
1098 1568 1166 1629 haec
1189 1588 1309 1648 pompa

236 1694 277 1733 ex
313 1674 423 1734 eadem
459 1675 609 1752 opinione
643 1681 712 1734 orta
746 1681 777 1733 et
812 1673 925 1734 iisdem
962 1674 1057 1747 feriis,
1089 1675 1306 1748 Anthesteriis,

218 1760 335 1841 'ducta
367 1781 415 1841 sit.
464 1788 615 1860 praetcrea
650 1781 709 1841 hoo
744 1780 873 1853 festum,
909 1780 943 1840 in
967 1799 1031 1858 quo
1055 1782 1130 1841 noui
1155 1782 1223 1842 uini
1247 1782 1308 1861 pri·

238 1888 338 1947 mitiae
362 1887 421 1947 deo
444 1888 668 1959 offerebantur,
694 1888 835 1947 maxime
856 1894 968 1965 aptum
985 1892 1042 1960 est,
1058 1887 1092 1947 in
1109 1907 1173 1966 quo
1189 1908 1309 1967 pompa

237 1995 362 2055 naualis
386 1994 445 2054 deo
478 1995 546 2055 uini
570 1994 671 2056 datori
695 2000 765 2056 acta
789 1994 839 2054 sit.
887 1993 1017 2077 accedit*
1033 1994 1118 2072 quod
1142 2015 1306 2074 pompam,

237 2102 272 2161 in
296 2122 360 2180 qua
383 2120 493 2163 currus
517 2099 726 2173 uehebantur‚
751 2120 949 2179 quamquam
974 2102 1099 2163 naualis
1122 2103 1219 2164 fuisse
1243 2122 1307 2162 non

238 2208 364 2282 dicitur,
405 2208 546 2271 Choibus
585 2208 718 2268 Athenis
758 2208 889 2269 ductam
924 2226 991 2269 esse
1026 2208 1142 2269 Suidas
1176 2209 1308 2269 Photius

241 2317 423 2393 Apostolius
458 2315 590 2376 tradunt
625 2334 648 2375 s.
686 2334 716 2375 u.
754 2313 791 2373 τὰ
827 2309 862 2373 ἐκ
897 2320 952 2373 τῶν
988 2308 1110 2395 ἁμαξῶν
1139 2314 1309 2395 σκώμματα

238 2421 383 2502 (XVIH).
432 2423 490 2483 hos
513 2423 599 2484 iocos
622 2422 655 2481 in
680 2442 800 2501 pompa
824 2422 959 2483 sollenni
975 2422 1077 2482 dictos
1093 2440 1160 2483 esse
1177 2429 1309 2501 apparet

240 2548 278 2588 ex
314 2530 417 2606 glossa.
441 2530 701 2609 Harpocrationis
713 2524 744 2608 ¹).
774 2529 815 2589 ad
840 2548 919 2607 quas
942 2529 1037 2590 ferias
1060 2529 1095 2588 hi
1118 2529 1178 2589 ioci
1202 2530 1309 2608 praeci-

239 2656 301 2715 pue
336 2637 524 2714 pertineant,
549 2637 656 2696 minus
680 2636 790 2713 liquet,
815 2655 889 2696 cum
913 2643 945 2696 et
968 2636 1089 2696 Lenaeis
1113 2642 1144 2696 et
1167 2636 1310 2697 Choibus

239 2744 429 2804 nominatim
448 2752 479 2803 et
491 2743 651 2821 Dionysiis
663 2743 731 2804 sine
744 2743 810 2803 ullo
823 2742 1006 2803 discrimine
1018 2742 1225 2803 ascribantur.
1252 2742 1308 2803 sed

238 2850 382 2911 Choibus
405 2858 489 2911 certo
512 2850 728 2928 antiquissimi
752 2857 857 2924 erant;
883 2868 969 2923 nam,
993 2856 1029 2909 ut
1053 2868 1149 2928 supra
1166 2849 1308 2924 uidimus

239 3087 388 3133 mutuatus
407 3086 460 3132 est
497 3081 572 3133 idem
593 3081 654 3132 fere
673 3081 709 3133 de
729 3084 829 3132 nostra
847 3083 925 3131 terra
943 3083 1085 3131 narratur.
1111 3094 1178 3130 nam
1192 3093 1308 3130 carmen

238 3169 377 3221 Beowulfi
398 3170 487 3221 tradit
506 3169 589 3236 Scyld
610 3169 724 3235 Scefing
740 3168 860 3236 (Skiold,
880 3168 971 3221 filium
991 3167 1129 3234 mergitis,
1149 3167 1197 3219 alii
1217 3167 1308 3232 Seeaf,

239 3257 401 3323 mergitem)
427 3258 582 3310 admodum
612 3274 733 3325 puerum
760 3259 791 3309 in
821 3258 929 3324 scapha
954 3258 1146 3310 dormientem
1166 3257 1258 3322 capite
1277 3256 1308 3308 in

239 3348 360 3413 mergite
388 3348 500 3399 iacente
528 3348 564 3400 ad
590 3363 669 3400 oram
699 3347 808 3399 Seaniae
827 3347 930 3399 insulae
949 3347 1066 3399 uenisse
1086 3350 1115 3399 et
1133 3346 1170 3398 ab
1188 3345 1309 3397 homini·

238 3439 294 3491 bus
313 3443 459 3503 receptum
480 3437 608 3502 mergitis
628 3437 745 3489 nomine
759 3441 910 3487 euocatum
924 3436 1076 3502 postmodo
1089 3452 1185 3502 regem
1199 3436 1307 3487 factum

238 3542 313 3578 esse.
350 3526 405 3578 hoc
432 3526 503 3578 satis
532 3530 758 3578 consentaneum
787 3523 903 3576 uidetur
932 3525 1078 3590 populum,
1105 3525 1153 3591 qui
1180 3524 1215 3576 ad
1230 3539 1307 3575 mare

240 3615 352 3667 habitat
380 3620 409 3667 et
437 3632 488 3682 per
510 3630 588 3668 mare
608 3613 811 3667 commercium
831 3614 926 3676 habet,
947 3613 1002 3664 sibi
1021 3614 1129 3678 fingere
1149 3613 1260 3663 fructus
1279 3617 1309 3664 et

239 3720 335 3756 mores
363 3705 492 3757 mitiores
520 3720 571 3769 per
596 3719 675 3755 mare
693 3703 831 3755 aduectos
851 3717 924 3768 esse,
944 3702 968 3753 si
988 3717 1037 3754 eos
1056 3701 1172 3753 aliunde
1191 3700 1308 3753 uenisse

239 3795 339 3846 credit.
368 3810 455 3859 quare
484 3794 587 3845 mirum
617 3809 676 3844 non
704 3797 749 3845 est
777 3791 850 3844 tales
874 3790 987 3843 fabulas
1007 3790 1095 3842 uariis
1114 3790 1185 3841 locis
1204 3794 1308 3856 sponte

239 3889 318 3935 ortas
337 3898 411 3935 esse.

349 3970 367 4033 1)
394 3972 482 4038 Harp.
503 3967 643 4038 Πομπιίας
662 3968 707 4018 καὶ
726 3965 878 4037 renuebant:
901 3964 955 4017 ἀντὶ
974 3972 1018 4017 τοῦ
1038 3963 1171 4036 λοιδορίας
1190 3965 1235 4016 aori
1250 3964 1308 4016 λοι-

243 4056 324 4127 δορεῖν
354 4092 383 4099 -
415 4091 445 4098 -
477 4057 620 4127 μεταφέρει
642 4054 669 4106 δὲ
699 4055 749 4107 ἀπὸ
778 4064 829 4107 τῶν
859 4056 885 4106 ἐν
912 4060 970 4115 ταῖς
991 4055 1173 4117 Διονυσιακαῖς
1193 4060 1309 4124 πομπαῖς

242 4146 350 4199 ἐπὶτῶν
370 4147 478 4217 ἁμαξῶν
497 4144 704 4216 λοιδορουμένων
724 4143 865 4215 ἀλλήλοις.

1185 4251 1201 4303 9
