3225 5034
792 355 963 419 ,76-

337 541 503 599 memorat.
551 554 592 597 ex
621 534 682 597 hoe
706 536 774 596 loco
797 537 924 614 po'etam
948 534 1107 596 comicum
1131 534 1220 595 illam
1244 533 1405 595 fictionem

337 661 403 705 non
432 661 542 705 curare
570 641 727 704 uidemus.
774 646 926 722 praeterea
948 641 1035 703 haud
1059 660 1129 703 raro
1152 640 1242 702 breui
1264 649 1406 719 tempore

335 748 404 811 fieri
427 748 516 811 iubet
539 752 633 828 poeta
654 748 698 821 id,
721 749 808 827 quod
832 768 866 809 re
889 766 966 811 uera
987 749 1091 810 multo
1109 747 1258 825 longioris
1274 752 1330 808 est.
1370 750 1407 807 ut

336 855 378 918 de
411 856 482 917 aliis
516 875 557 917 ne
590 856 712 934 loquar,
747 855 781 916 in
815 853 1074 917 Acharneusibus
1107 854 1180 916 dua
1202 858 1278 916 sunt
1299 853 1406 914 incon·

336 961 505 1025 cinnitates
538 969 731 1042 temporum,
766 981 847 1040 quas
880 961 1005 1024 Gilbert
1038 960 1276 1040 interpretando
1306 960 1407 1021 celare

336 1074 470 1132 conatus
501 1077 549 1131 est
571 1101 614 1112 -
638 1088 715 1131 nam
748 1069 858 1130 tollere
884 1088 951 1151 non
973 1068 1087 1147 potuit.
1134 1067 1350 1147 Amphitheus
1373 1085 1405 1127 ιι.

339 1175 403 1237 130
436 1194 497 1254 sqq
535 1175 796 1237 Lacedaemonem
837 1176 953 1237 missus
987 1194 1018 1237 ιι.
1057 1175 1120 1237 175
1155 1173 1247 1249 redit,
1272 1174 1407 1236 simulac

337 1281 474 1345 Thraces
507 1281 638 1347 abducti
672 1289 803 1344 suntet
826 1290 977 1363 prytanes
999 1281 1179 1344 contionem
1204 1281 1404 1343 dimiserunt

336 1388 462 1451 etiamsi
497 1408 515 1449 a
550 1389 663 1450 diuina
689 1389 809 1467 origine
833 1389 989 1451 oriundus
1012 1394 1069 1463 est,
1094 1389 1323 1468 Aristophanes
1347 1387 1407 1447 hoe

336 1494 457 1557 factum
493 1495 606 1569 noluit,
641 1501 678 1556 ut
704 1496 887 1574 explicaret,
910 1515 967 1557 cur
988 1502 1057 1557 tam
1079 1497 1143 1557 cito
1165 1494 1267 1556 redire
1289 1500 1404 1573 posset.

336 1607 480 1680 tempore
503 1610 534 1662 et
557 1601 781 1681 probabilitate
804 1603 858 1663 hio
881 1601 1074 1681 supersedet,
1091 1608 1128 1664 ut
1143 1622 1174 1664 u.
1195 1603 1276 1662 1141
1296 1602 1406 1661 Lama·

337 1708 436 1770 chum
470 1709 503 1768 in
539 1709 660 1770 bellum
694 1709 948 1789 proficiscentem
982 1708 1068 1781 facit,
1094 1713 1125 1770 et
1147 1709 1256 1771 statim
1280 1707 1407 1769 chorico

337 1820 464 1877 cantato
499 1834 628 1877 seruum
663 1835 737 1877 eum
772 1816 977 1877 uulneratum
1010 1815 1111 1876 redire
1134 1815 1336 1877 nuntiantem
1360 1814 1407 1875 in·

338 1920 436 1983 ducit.
483 1921 543 1983 hoc
575 1941 651 1984 sane
675 1922 838 2000 negotium
862 1940 1037 2001 paucarum
1062 1921 1213 1983 horarum
1236 1923 1287 1982 uel
1311 1921 1408 1981 unius

337 2026 402 2089 diei
435 2047 499 2088 non
535 2037 590 2090 est.
637 2030 745 2108 itaque
780 2033 908 2108 postam
942 2047 1001 2090 suo
1035 2028 1166 2090 arbitrio
1188 2034 1331 2107 tempora
1355 2026 1408 2088 de·

337 2134 473 2196 seribere
506 2135 659 2208 sinamus,
696 2154 798 2214 neque
833 2154 956 2198 morose
991 2142 1023 2196 et
1056 2136 1153 2197 nimis
1188 2134 1355 2212 diligenter
1377 2133 1407 2194 ei

337 2240 524 2316 obiciemus,
560 2242 721 2320 quomodo
755 2262 805 2304 res
838 2262 872 2302 re
905 2261 982 2303 uera
1015 2243 1146 2320 agendae
1168 2243 1241 2304 sint.
1288 2242 1315 2302 si
1340 2241 1408 2301 haee

338 2348 484 2426 permisit
516 2349 744 2428 Aristophanes
768 2357 799 2409 et
823 2349 849 2410 si
873 2347 1041 2427 tragoediae
1064 2349 1295 2427 antiquissimae
1321 2366 1407 2408 more

337 2454 427 2533 spico
461 2461 589 2534 tempus
612 2455 841 2535 producebant,
873 2474 979 2517 nonne
1002 2456 1097 2517 etiam
1123 2456 1190 2516 fieri
1213 2461 1346 2534 poterat,
1370 2460 1408 2514 ut

339 2560 492 2640 Dionysia
514 2563 648 2639 agrestia
670 2567 702 2623 et
725 2562 837 2635 Choes,
862 2582 1059 2641 quamquam
1084 2562 1165 2623 duos
1185 2580 1309 2623 menses
1324 2562 1408 2622 inter

338 2686 372 2729 se
396 2668 526 2743 distant,
550 2669 588 2730 in¹
608 2670 720 2730 eadem
743 2670 855 2731 fabula
877 2669 1131 2731 celebrarentur?
1176 2668 1315 2747 denique
1338 2688 1407 2746 cog·

338 2792 518 2850 noscamus,
542 2777 704 2854 quomodo
726 2781 821 2857 poeta
845 2777 1037 2838 mutationes
1067 2776 1219 2855 temporis
1246 2775 1406 2837 celauerit.

337 2882 373 2943 in
397 2882 570 2962 Lysistrata
592 2884 675 2945 inter
697 2904 801 2946 arcem
826 2889 954 2963 captam
977 2903 1008 2945 u.
1035 2884 1096 2943 241
1122 2890 1154 2944 et
1176 2884 1323 2943 taudem
1340 2900 1408 2943 mu·

337 2989 453 3053 lictum
487 2990 644 3052 detectam
672 3010 702 3052 u.
729 2990 793 3054 718
817 3009 877 3069 sqq
901 2990 1011 3051 multae
1034 2997 1109 3050 sunt
1132 2991 1223 3065 rixae;
1248 2989 1327 3050 dum
1351 2990 1407 3050 La·

249 3090 254 3098 ’
339 3097 473 3159 machus
503 3097 535 3157 in
560 3097 678 3158 bellum
704 3097 914 3176 proficiscitur
937 3104 968 3157 et
991 3096 1082 3169 redit,
1106 3097 1311 3157 interuallum
1335 3097 1407 3158 cho

338 3203 403 3265 rico
437 3205 597 3282 expletur,
632 3203 711 3265 dum
741 3203 957 3282 Amphitheus
981 3203 1241 3265 Lacedaemonem
1267 3203 1292 3264 it
1315 3203 1408 3264 redit·

338 3328 410 3389 que,
446 3311 480 3370 iu
515 3310 661 3372 contione
696 3311 735 3372 de
769 3310 946 3371 Thracibus
981 3311 1098 3389 agitur3
1134 3311 1185 3372 his
1211 3310 1289 3371 loeis
1313 3310 1408 3389 pauci

338 3434 449 3478 uersus
483 3417 553 3479 uice
587 3418 663 3480 satis
697 3418 783 3496 longi
818 3417 971 3496 temporis
1005 3418 1192 3495 funguntur.
1240 3436 1278 3478 aa
1311 3417 1409 3495 igitur

338 3531 405 3584 arte
428 3523 539 3597 utitur,
563 3529 608 3595 ut,
633 3532 754 3603 quante
777 3524 907 3586 maioris
929 3523 970 3585 ad
994 3524 1136 3585 fabulam
1161 3530 1237 3585 sunt
1252 3522 1409 3584 momenti

339 3648 385 3703 ea,
421 3648 493 3708 quae
527 3636 669 3710 tempore
703 3631 834 3705 distant,
869 3637 959 3692 tanto
994 3631 1128 3692 maiores
1161 3637 1265 3709 partes
1289 3630 1407 3691 fabuloe

338 3736 528 3813 inserantur,
567 3738 601 3798 in
639 3739 756 3818 quibus
794 3744 922 3817 tempus
961 3739 1052 3817 quasi
1091 3737 1305 3816 suspenditur.
1357 3737 1408 3798 his

338 3842 485 3905 uersibus
506 3840 713 3906 interuallum
736 3846 892 3924 expletur,
919 3846 939 3905 i.
957 3864 983 3906 e.
1001 3844 1148 3917 efficitur,
1165 3849 1201 3906 ut
1216 3850 1408 3923 spectatores

338 3959 477 4031 tempus,
508 3969 573 4030 quo
596 3951 717 4031 aliquid
740 3959 836 4013 antea
858 3953 980 4014 factum
1003 3952 1054 4024 sit,
1079 3971 1145 4012 non
1167 3957 1235 4012 tam
1259 3950 1409 4012 distincte

338 4059 509 4121 obseruent
543 4067 598 4120 aut
626 4059 780 4121 memoria
802 4064 941 4134 teneant,
966 4057 1104 4120 utillud
1128 4064 1256 4137 tempus
1280 4076 1409 4119 manere
