3225 5034
750 365 928 426 -5ss.„

306 559 330 602 s.
366 560 396 601 u.
436 536 515 608 Χόες
545 543 582 602 ‚in
603 533 713 620 'glo‘ssa
736 544 835 603 altera
857 542 898 603 ad
923 543 1057 604 uerbum
1081 546 1260 624 repetitum,
1286 545 1371 623 quod

231 632 233 635 ⁵
306 648 340 708 in
363 648 470 709 codice
492 648 570 710 Rav.
595 668 721 727 quoque
744 656 841 724 extat,
866 669 940 711 cum
956 651 1036 711 illud
1054 652 1132 711 Ven.
1151 649 1275 724 habeat,
1293 652 1370 714 aar.

306 761 418 815 careat.
466 774 505 814 ex
539 756 651 816 eodem
686 757 773 816 fonte
807 761 980 835 utrumque
1010 758 1166 819 scholium
1191 759 1370 819 deriuatum

306 879 383 934 esse,
407 867 478 921 ete
502 863 631 932 nomine
654 863 735 940 regis
759 863 941 938 Pandionis,
966 864 1051 941 quod
1076 864 1144 926 haec
1159 865 1227 925 sola
1242 864 1370 937 habent,

306 973 337 1028 et
371 988 388 1028 e
422 968 632 1030 similitudine
667 970 885 1031 narrationum
921 979 1062 1049 apparet,
1099 990 1170 1049 quoe
1198 972 1372 1049 praesertim

306 1075 415 1136 ceteris
451 1095 524 1136 cum
559 1076 598 1137 iis
633 1077 823 1155 comparatis
847 1077 1014 1156 perspicua
1036 1085 1092 1138 est.
1140 1086 1247 1138 utrum
1273 1078 1372 1156 pluris

306 1181 495 1263 iaciendum
524 1183 574 1256 sit,
598 1202 678 1260 aegre
702 1183 904 1255 diiudicatur,
929 1203 1003 1244 cum
1024 1186 1159 1246 alterum
1187 1186 1372 1246 auctoritate

306 1287 423 1349 codicis
447 1289 522 1350 Rav.
548 1291 676 1360 nitatur,
702 1291 838 1351 alterum
862 1291 1083 1352 auctoritatem
1107 1292 1292 1371 Apollodori
1308 1310 1373 1370 prae

305 1412 339 1455 se
374 1395 461 1456 ferat.
509 1416 583 1456 cum
618 1397 714 1474 igitur
748 1397 905 1457 scholium
940 1397 1057 1459 codicis
1091 1398 1166 1459 Rav.
1198 1420 1237 1458 ex
1260 1398 1372 1459 eodem

307 1502 491 1579 Apollodori
515 1504 584 1563 loco
608 1504 742 1581 petitum
769 1504 819 1575 sit,
844 1505 873 1564 ei
896 1505 957 1565 hoc
980 1505 1062 1566 obici
1087 1512 1199 1584 potest,
1217 1507 1303 1584 quod
1320 1525 1373 1565 no·

197 1617 200 1625 '
308 1628 380 1670 men
415 1611 552 1671 auctoris
587 1611 703 1684 omisit,
740 1611 826 1688 quod
863 1613 973 1689 quanti
1010 1613 1193 1673 faciendum
1216 1613 1266 1686 sit,
1292 1613 1373 1674 alius

307 1717 462 1777 decernat.
510 1717 606 1778 habet
640 1718 737 1778 schol.
769 1718 846 1778 Rav.
872 1737 929 1796 pro
953 1718 1058 1780 uerbis
1081 1720 1144 1780 illis
1167 1713 1203 1800 ἡν
1227 1716 1259 1778 δὲ
1285 1714 1372 1801 ἑορτὴ

306 1819 450 1882 Διονίσα)
484 1819 619 1903 Ληναίου
654 1825 735 1886 haeo:
771 1823 940 1902 κατέλαβεν
977 1822 1009 1884 δὲ
1041 1819 1129 1884 adria
1154 1818 1374 1906 conplorationi

307 1926 459 2011 ,δημοτελῆ
494 1936 644 2003 ποιοῦντα,
681 1950 751 2009 quae
786 1932 959 1992 narrationi
995 1933 1192 2010 primigeniae
1226 1933 1374 2012 propiora

307 2042 391 2110 sunt,
427 2056 526 2114 quam
560 2039 712 2116 posterior
747 2039 882 2116 quisque
919 2039 1018 2116 magis
1053 2041 1221 2100 exornauit
1253 2046 1371 2100 auctor.

306 2144 475 2222 Euripides
499 2145 615 2205 festum
640 2152 732 2205 uetus
756 2145 866 2206 Oresta
890 2146 1080 2207 adueniente
1102 2155 1209 2208 actum
1226 2166 1373 2208 essenon

307 2250 393 2323 dicit,
429 2250 514 2329 quod
550 2251 589 2310 ad
625 2271 692 2312 rem
716 2270 781 2312 non
805 2252 926 2311 attinet.
976 2254 1081 2330 potius
1105 2255 1222 2315 festum
1247 2253 1372 2313 Choum

306 2356 366 2417 hac
401 2356 440 2417 de
474 2376 570 2418 causa
603 2358 771 2418 inuentum
807 2352 874 2418 esse
896 2360 998 2436 'magis
1022 2360 1067 2419 rei
1091 2361 1249 2433 conuenit,
1274 2380 1373 2438 quam

307 2468 343 2523 ut
377 2474 468 2524 uetus
505 2471 665 2526 mutatum
700 2465 750 2538 sit,
787 2475 819 2524 et
852 2465 913 2525 hoc
937 2470 1037 2544 poetae
1060 2466 1196 2544 origines
1219 2467 1372 2528 festorum

307 2570 551 2633 Atheniensium
586 2573 758 2650 exponenti
782 2572 889 2650 aptius
912 2579 968 2633 est.
1017 2574 1075 2634 hac
1098 2573 1132 2632 in
1156 2593 1188 2633 re
1212 2573 1372 2633 Phanode-

307 2695 379 2738 mus
414 2677 499 2755 apud
526 2679 714 2739 Athenaeum
739 2679 759 2739 l.
783 2679 803 2738 l.
830 2684 860 2739 et
885 2680 1071 2740 Plutarchus
1096 2681 1115 2738 l.
1142 2682 1160 2741 l.
1186 2699 1260 2740 cum
1284 2681 1372 2740 Euri·

307 2784 381 2863 pide
416 2785 627 2847 consentiunt.
675 2785 790 2845 deinde
825 2787 1052 2863 grammaticus
1087 2786 1230 2865 quidam,
1254 2787 1374 2864 quiex

306 2910 364 2952 sua
399 2910 558 2969 quemque
593 2898 673 2952 testa
696 2900 804 2970 potare
829 2912 892 2952 non
917 2912 998 2972 opus
1021 2893 1119 2954 luisse
1143 2892 1286 2962 credidit,
1311 2893 1373 2953 nisi

307 2998 401 3058 multi
436 2998 581 3059 homines
616 2999 734 3060 festum
770 2999 963 3060 celebrantes
999 3000 1177 3078 congregati
1200 3006 1314 3072 essent,
1343 3004 1373 3059 et

307 3105 526 3182 ignominiam*
558 3124 622 3183 qua
645 3106 777 3166 affectus
802 3112 849 3167 est
872 3108 1006 3180 Orestes,
1032 3108 1116 3184 quod
1141 3108 1174 3166 in
1199 3108 1279 3166 festo
1303 3108 1372 3166 ‹leo-

307 3231 378 3272 rum
403 3212 499 3281 fieret,
524 3213 700 3290 grauiorem
726 3213 894 3291 depingere
918 3213 1029 3284 uoluit,
1055 3226 1091 3274 ut
1114 3215 1174 3274 hoc
1198 3214 1293 3273 modo
1317 3214 1372 3273 mi·

307 3338 377 3378 rum
413 3319 499 3380 hunc
534 3328 723 3398 apparatum
759 3320 872 3380 melius
908 3321 1087 3399 explicaret,
1121 3319 1218 3381 uerba
1243 3314 1373 3400 εὐωχίαν

308 3421 459 3506 δημοτελῆ
483 3433 623 3484 ποιοῦντα
647 3428 698 3487 uel
722 3427 825 3487 simile
849 3426 970 3504 aliquid
991 3427 1139 3500 inseruit;
1161 3427 1292 3487 fortasse
1308 3427 1373 3486 iam

307 3552 346 3591 ex
392 3533 584 3610 Apollodoro
628 3534 830 3611 proueniunt.
893 3533 973 3594 alius
1011 3534 1247 3612 grammaticus,
1287 3532 1372 3611 quod

307 3639 423 3700 festum
460 3647 550 3712 esset,
586 3642 749 3700 enucleare
784 3640 919 3721 gestiens
956 3660 1011 3718 pro
1046 3641 1108 3701 illis
1132 3640 1258 3718 scripsit
1280 3635 1316 3720 lp
1341 3636 1373 3697 δὲ

308 3740 395 3824 ἑορτὴ
413 3743 558 3804 Διονύσον
593 3742 738 3827 Ληναίου.
792 3748 866 3807 licet
900 3748 960 3807 hoc
994 3748 1163 3807 inuentum
1198 3745 1374 3806 admodum

307 3871 383 3913 serae
407 3854 508 3912 aetatis
531 3854 580 3926 sit,
606 3873 712 3913 nonne
735 3873 772 3914 eo
795 3854 952 3930 significat
976 3873 1008 3914 se
1032 3852 1234 3913 Anthesteria
1256 3855 1373 3914 festum

308 3959 359 4019 dei
383 3960 486 4019 henaei
512 3978 578 4019 esse
601 3961 735 4039 putare?
781 3960 841 4020 hoc
861 3961 954 4022 citius
970 3960 1156 4021 concludere
1173 3960 1282 4033 nolim,
1300 3978 1372 4020 cum

307 4067 533 4143 grammaticus
569 4067 620 4126 ille
656 4069 772 4127 festum
809 4067 896 4127 aliud
931 4068 964 4126 in
993 4066 1095 4127 Choes
1118 4075 1188 4126 tum
1213 4072 1373 4127 mutatum
