3225 5034
688 405 865 466 ..43-

241 603 311 645 mos
350 584 380 644 h.
417 585 437 644 l.
474 583 607 657 laudari,
643 582 730 661 quod
766 602 898 644 munere
932 601 990 644 suo
1025 585 1148 645 solenni
1185 584 1312 663 Chytris

241 691 343 752 iuncti
378 697 492 759 essent,
517 690 537 750 i.
564 710 590 750 e.
616 689 713 768 quod,
737 709 778 750 ne
801 690 874 767 quis
897 690 1007 751 turbas
1031 690 1128 764 daret,
1154 692 1314 753 cauissent

240 805 274 859 et
307 816 403 859 suum
438 798 553 875 cuique
582 799 688 858 locum
712 797 746 857 in
770 804 912 858 mercatu
935 797 1199 875 adsignauissent.
1247 819 1313 860 non

242 912 333 966 recte.
393 924 468 965 nam
513 905 655 982 primum
694 903 878 981 agoranomi
917 903 1113 983 epheborum
1153 913 1312 967 curatores

243 1011 420 1073 securitatis
444 1017 475 1072 et
498 1017 656 1072 mercatus
679 1009 768 1073 urbis
791 1031 857 1071 non
880 1019 979 1085 eraut,
1004 1012 1079 1072 etsi
1095 1012 1240 1086 fuissent,
1258 1032 1313 1092 pu-

242 1117 333 1180 blicae
367 1118 528 1180 securitati
556 1138 612 1197 per
639 1125 743 1178 totum
768 1137 890 1178 annum
914 1119 953 1179 iis
977 1118 1209 1180 consulendum
1234 1120 1310 1191 fuit;

242 1225 452 1304 quamobrem
486 1224 576 1286 nulla
599 1241 695 1286 causa
717 1224 840 1293 fuisset,
866 1244 921 1285 our
945 1225 1004 1285 hoe
1029 1244 1160 1286 munere
1185 1226 1312 1304 Chytris

242 1332 345 1393 bmcti
368 1332 528 1411 praecipue
552 1332 767 1393 laudarentur.
815 1331 930 1394 deinde
946 1332 1007 1393 hoc
1023 1333 1085 1392 alio
1103 1334 1200 1393 uerbo
1216 1339 1312 1411 atque

243 1434 390 1498 ἐπιτελεῖν
423 1439 669 1518 exprimendum
694 1446 769 1515 erat,
794 1438 881 1516 quod
905 1439 1001 1500 etiam
1026 1439 1065 1499 de
1088 1441 1196 1517 regulo
1220 1440 1312 1500 ludos

242 1547 430 1607 Lenaeorum
465 1546 647 1625 perficiente
682 1545 798 1607 dicitur
833 1554 864 1606 et
895 1546 1034 1624 aliquem
1059 1547 1166 1625 aliqua
1190 1566 1221 1606 re
1246 1566 1311 1626 per·

242 1653 333 1731 fungi
362 1659 393 1713 et
416 1653 564 1732 inprimis
588 1672 706 1713 munus
729 1672 854 1713 sacrum
880 1652 1028 1731 perficere
1051 1653 1216 1730 signifieat.
1264 1672 1312 1713 eo-

243 1760 315 1820 dem
351 1759 448 1821 modo
480 1766 614 1839 utroque
638 1761 706 1820 loco
729 1760 978 1837 intellegendum
1004 1766 1060 1833 est,
1084 1780 1143 1820 neo
1166 1761 1312 1835 tergiuer-

243 1868 303 1928 sari
339 1867 426 1939 lioet;
458 1887 535 1927 nam
559 1866 629 1933 τοὺς
654 1861 789 1946 Χὺτρους
813 1862 961 1926 ἐπιτελεῖν
985 1866 1023 1927 de
1047 1868 1096 1940 iis,
1121 1867 1176 1946 qui
1200 1867 1312 1927 securi·

243 1978 340 2035 tatem
365 1974 516 2034 feriarum
541 1973 705 2047 curabant,
730 1975 830 2053 accipi
855 1993 918 2033 non
944 1981 1054 2053 potest.
1090 1993 1183 2053 porro
1199 1974 1312 2034 titulus

243 2090 356 2159 praeter
379 2082 511 2142 nomina
533 2081 616 2141 nihil
639 2080 700 2141 nisi
724 2081 819 2141 ferias
843 2090 874 2140 et
897 2082 1008 2159 epulas
1031 2080 1130 2153 addit,
1152 2099 1231 2159 quas
1248 2100 1311 2140 ma·

243 2188 392 2266 gistratus
416 2195 452 2248 ut
475 2189 601 2265 regulus
625 2195 656 2247 et
679 2186 878 2266 agonotheta
901 2195 1101 2249 curauerunt.
1149 2207 1222 2247 cum
1241 2188 1309 2247 hl.

243 2314 323 2372 agon
358 2315 423 2356 non
451 2302 726 2365 commemoretur,
751 2294 1007 2355 concludendum
1033 2302 1080 2354 est
1104 2312 1312 2371 agoranomos

243 2401 439 2480 epheborum
475 2402 602 2479 Chytris
638 2402 711 2462 totis
746 2401 908 2480 ephebicis
939 2401 1133 2480 praesedisse,
1158 2401 1213 2479 qui
1237 2420 1312 2478 quo·

244 2508 340 2568 modo
364 2508 424 2569 hac
447 2512 539 2569 aetate
563 2508 711 2569 celebrati
735 2509 809 2579 sint,
834 2509 1003 2570 nescimus.
1052 2516 1120 2568 tum
1142 2514 1174 2567 et
1190 2506 1313 2568 Gilbert

243 2623 274 2676 et
298 2615 477 2677 Mommsen
502 2616 610 2676 Heort.
636 2636 666 2694 p.
693 2615 756 2676 369
781 2615 872 2675 obliti
897 2633 963 2675 esse
989 2615 1138 2675 uidentur
1161 2615 1191 2673 h.
1208 2614 1228 2673 l.
1247 2634 1312 2674 non

244 2721 283 2782 de
318 2722 404 2783 feriis
438 2723 537 2783 totius
572 2722 721 2795 ciuitatis,
758 2721 813 2782 sed
849 2722 888 2781 de
922 2721 1084 2800 ephebicis
1116 2721 1179 2798 agi3
1204 2721 1312 2798 itaque

243 2828 369 2890 etiamsi
405 2828 539 2907 Chytros
563 2829 733 2907 ephebicos
757 2828 940 2906 agarenomi
964 2828 1159 2906 epheborum
1185 2845 1313 2887 euraue

243 2942 327 3006 runt,
353 2936 489 3014 puhlicis
512 2956 568 2996 rex
591 2937 709 2997 archon
733 2936 900 3014 praesidere
917 2935 1021 3013 potuit
1037 2942 1073 2994 ut
1089 2942 1190 2995 antea.
1223 2934 1312 2994 leria-

243 3060 316 3103 rum
353 3062 430 3103 cura
463 3063 725 3121 agoranomorum
763 3044 837 3103 huic
872 3043 956 3102 aetati
992 3042 1112 3121 optime
1147 3040 1311 3113 conuenit3

244 3169 319 3210 nam
356 3150 559 3228 magistratus
593 3153 683 3228 graeci
719 3150 918 3229 temporibus
953 3148 1078 3227 imperii
1114 3147 1237 3208 romani
1272 3148 1312 3208 ad

245 3256 489 3317 similitudinem
514 3276 718 3317 romanorum
744 3277 828 3336 saepe
851 3256 1143 3329 conformabantur,
1163 3261 1194 3315 et
1209 3274 1315 3332 agora-

244 3363 333 3423 nomi
368 3364 498 3441 quidem
534 3383 625 3424 curas
655 3372 686 3425 et
710 3384 842 3425 munera
867 3363 1008 3424 aedilium
1034 3369 1249 3441 susceperunt,
1274 3362 1313 3422 de

245 3488 309 3548 quo
324 3488 355 3530 u.
373 3469 544 3531 Ricardum
559 3471 709 3531 Ha·³derli
724 3472 759 3532 N.
771 3470 882 3533 Jahrb.
896 3471 917 3530 f.
932 3470 1012 3530 Phil.
1027 3470 1130 3548 suppl.
1145 3468 1206 3528 XV
1219 3469 1313 3546 inpri-

245 3576 307 3637 mis
323 3597 353 3655 p.
369 3578 408 3637 61
427 3596 495 3656 sqq.
521 3578 603 3637 inter
619 3577 685 3639 haec
702 3598 835 3638 munera
851 3578 1039 3655 grauissima
1054 3584 1120 3636 erat
1136 3594 1212 3636 cura
1226 3575 1314 3634 ludo

245 3701 329 3758 rum,
353 3703 451 3760 quam
476 3685 660 3761 agoranomi
683 3685 774 3761 graeci
800 3704 927 3762 quoque
950 3684 1011 3744 sibi
1035 3682 1249 3744 assumebant.
1282 3701 1313 3741 u.

246 3810 294 3850 ex.
331 3810 356 3850 c.
393 3790 465 3851 ClG
500 3789 628 3850 10581.
655 3791 674 3850 6
699 3785 885 3871 &testerepo
910 3789 1201 3873 qtlotstpqor'rpeaot
1225 3806 1315 3867 μονο-

247 3898 354 3977 μάχων
389 3895 478 3979 ζεὺγη
513 3904 533 3955 a
568 3903 599 3957 et
633 3898 743 3958 titulos
776 3898 903 3970 multoe,
933 3897 966 3957 in
990 3895 1107 3975 quibus
1131 3894 1315 3973 agorancmi

247 4037 349 4089 diebus
378 4038 462 4089 festis
482 4038 582 4090 uinum
603 4043 632 4091 et
651 4038 808 4103 crepundia
827 4043 857 4089 et
875 4054 938 4103 quae
957 4038 993 4089 ad
1013 4038 1121 4089 festum
1140 4051 1213 4101 opus
1232 4038 1315 4086 erant

247 4126 337 4191 magis
357 4141 442 4191 quam
461 4127 526 4179 aliis
545 4127 660 4179 uenalia
678 4130 761 4179 erant
780 4132 810 4178 et
828 4127 1007 4178 emebantur.
