3225 5034
665 446 842 507 ²19·-

221 626 337 687 habere
376 626 545 686 scholiasta
584 644 642 686 nos
677 629 760 685 recte
795 623 906 685 docere
942 626 1053 697 uoluit,
1089 645 1287 705 quamquam

221 752 335 812 parum
369 733 565 792 intellectum
589 736 645 793 est.
675 751 734 792 nec
753 732 872 791 henaea
895 731 934 791 ad
960 732 1094 793 Boeotos
1117 734 1285 812 pertinent.

222 839 431 918 quamobrem
461 838 559 899 uerba
582 839 635 898 illa
659 837 713 896 καὶ
737 834 781 905 εἷς
804 830 909 896 ταύτὸν
934 834 1100 919 ἐρχόμενος
1123 847 1163 919 τῷ
1188 834 1288 922 Faprs

222 944 305 1004 lion
340 945 381 1006 ad
416 946 572 1007 scholium
608 951 690 1006 recte
725 945 972 1024 intellegendum
1005 947 1180 1007 necessaria
1202 954 1287 1022 sunt,

222 1072 322 1131 eaque
345 1053 512 1114 uerissima
535 1072 601 1114 esse
625 1053 756 1113 iamiam
781 1053 897 1131 saepius
922 1052 1117 1127 dictumest,
1135 1055 1288 1132 quoniam

224 1160 367 1220 Gamelio
402 1179 527 1238 semper
560 1167 592 1219 et
626 1158 785 1220 Plutarchi
814 1178 940 1238 quoque
964 1164 1065 1233 aetate,
1090 1180 1288 1239 quamquam

224 1276 293 1326 tum
329 1273 360 1326 et
394 1267 482 1327 attici
506 1271 537 1327 et
561 1266 694 1327 boeotici
718 1284 843 1327 menses
867 1285 885 1325 a
908 1267 977 1326 loco
1001 1266 1103 1345 priore
1127 1267 1288 1329 aberraue·

224 1380 304 1443 rant,
329 1373 496 1433 Hermaeus
519 1374 587 1433 fuit.
626 1372 774 1433 uidemus
791 1393 863 1450 ergo
880 1372 1093 1447 scholiastam,
1111 1373 1288 1435 dummodo

224 1485 305 1539 reete
340 1479 635 1557 comprehendatur,
671 1480 766 1558 plane
801 1499 837 1539 ac
872 1479 986 1540 diserte
1017 1480 1114 1557 loqui,
1139 1486 1184 1555 ut,
1209 1482 1289 1559 quin

224 1604 271 1646 res
307 1586 439 1658 nouerit,
475 1585 610 1646 dubium
647 1605 711 1646 non
744 1586 794 1659 sit,
831 1605 884 1647 eos
919 1591 1037 1659 autem,
1073 1587 1129 1665 qui
1156 1588 1287 1648 eumin

224 1710 296 1752 suas
330 1699 434 1770 partes
468 1693 591 1753 trahere
626 1694 805 1768 uoluerunt,
842 1713 916 1752 eum
953 1694 1035 1753 male
1066 1694 1288 1773 interpretatos

224 1817 298 1859 esse.
345 1819 451 1859 nonne
474 1799 571 1878 igitur
593 1819 666 1860 eum
692 1800 878 1861 Gamelione
902 1801 1015 1860 Lenaea
1036 1805 1105 1860 acta
1123 1819 1189 1862 esse
1205 1801 1289 1861 affir-

224 1909 363 1965 mantem
400 1906 496 1967 etiam
532 1908 725 1985 sequamur?
772 1925 875 1979 causa,
912 1926 967 1967 cur
1001 1907 1030 1966 ei
1062 1907 1095 1966 in
1126 1907 1186 1968 hoc
1209 1908 1288 1969 fides

224 2010 402 2089 denegetur,
427 2033 492 2073 non
516 2013 613 2074 adest.

330 2119 515 2180 Glossarum
532 2125 562 2181 et
574 2119 767 2182 scholiorum
780 2120 989 2180 recentiorum
1003 2116 1153 2199 (HI-x)
1166 2121 1289 2199 optima

224 2232 270 2285 est
304 2227 406 2302 glossa
441 2226 594 2305 Hesychii
629 2245 653 2286 a.
690 2246 720 2287 u.
749 2224 888 2307 Ληναιῶν
912 2223 993 2306 (VI),
1018 2246 1090 2304 quae
1113 2247 1153 2287 ex
1176 2226 1288 2287 eodem

224 2332 311 2392 ionte
346 2352 382 2393 ac
417 2333 574 2394 scholium
610 2333 811 2394 Proclianum
839 2333 983 2394 deriuata
1005 2340 1061 2394 est.
1109 2334 1176 2394 sola
1199 2334 1233 2394 in
1251 2353 1288 2394 eo

225 2458 338 2499 uerum
373 2441 514 2514 retinuit,
550 2440 634 2518 quod
671 2436 743 2499 ἔνιοι
774 2440 879 2508 ¹habet
910 2437 961 2520 (ci.
997 2460 1028 2519 p.
1068 2437 1129 2521 16),
1164 2441 1290 2501 etiamsi

223 2547 354 2606 forsitan
380 2553 462 2607 recte
486 2548 527 2607 M.
554 2547 700 2608 Schmidt
723 2546 763 2607 ad
787 2549 807 2606 l.
832 2546 1029 2607 contenderit
1042 2539 1180 2625 glossam
1197 2548 1289 2608 initio

226 2650 374 2734 Ληναιὼν·
406 2656 464 2734 μήν
487 2649 529 2735 (ci
552 2653 684 2714 Suidam
712 2652 851 2734 Αηναιών
875 2654 965 2730 (Vll)
989 2654 1086 2714 fuisse
1110 2659 1140 2714 et
1158 2673 1229 2732 quae
1245 2673 1289 2714 se·

225 2766 368 2838 quuntur
390 2767 500 2839 postea
523 2761 633 2822 addita
657 2779 732 2821 esse.
780 2780 867 2820 more
884 2761 1092 2839 posteriorum
1110 2761 1143 2821 in
1161 2760 1288 2822 breuius

225 2868 327 2944 glossa
354 2868 480 2928 redacta
504 2876 558 2928 est.
607 2872 793 2945 argumenta
817 2867 977 2927 Plutarchi
1002 2867 1052 2928 his
1075 2867 1182 2928 uerbis
1206 2887 1288 2928 com·

225 2975 380 3051 prehensa
403 2983 477 3035 sunt
501 2975 553 3033 καὶ
578 2974 635 3053 γὰρ
658 2966 774 3054 ψυχρός
798 2968 880 3043 ἔστω
902 2975 935 3034 in
953 2979 1041 3052 parte
1058 2975 1156 3034 altera
1171 2993 1289 3035 nomen

227 3082 343 3142 mensis
382 3082 524 3154 atticum,
561 3082 645 3159 quod
683 3082 814 3159 quidem
850 3082 957 3158 magni
991 3086 1039 3141 est
1068 3081 1234 3154 momenti,
1258 3085 1290 3141 et

226 3189 427 3249 enuntiatum
452 3183 557 3255 Ἴωνες
579 3186 645 3248 κτλ.
693 3189 812 3248 omissa
835 3194 925 3259 sunt;
966 3187 1079 3266 quodsi
1095 3189 1197 3264 glossa
1214 3206 1289 3266 prae·

226 3294 360 3355 cidenda
383 3301 457 3369 erat,
483 3295 550 3356 haec
574 3296 642 3355 sola
665 3294 761 3355 deleri
785 3301 941 3373 poterant,
966 3313 1069 3371 neque
1093 3313 1191 3371 quam
1208 3280 1294 3355 esset

226 3403 435 3462 necessarium
472 3422 588 3462 nomen
625 3402 831 3474 Gamelionis‚
864 3401 1022 3460 intellexit
1045 3402 1186 3479 scriptor.
1234 3400 1289 3462 sed

225 3509 270 3569 sic
294 3528 419 3587 quoque
443 3510 582 3586 intellegi
606 3513 718 3584 potest,
744 3508 920 3568 dummodo
945 3507 1134 3567 Lenaecnem
1158 3513 1189 3568 et
1212 3508 1290 3568 Her·

226 3634 344 3675 meeum
368 3616 587 3677 Gamelionem
612 3633 678 3676 esse
701 3620 876 3675 teneamus
924 3614 950 3674 si
972 3608 1002 3672 ἐν
1019 3606 1099 3692 αὐτῷ
1114 3614 1154 3673 ad
1171 3615 1290 3674 lemma

225 3725 367 3795 refertur,
391 3723 487 3800 paulo
511 3723 616 3800 aptius
641 3721 762 3782 dictum
786 3727 842 3781 est.

333 3828 482 3907 Sequitur
516 3830 650 3888 alterum
686 3828 843 3888 scholium
872 3827 912 3887 ad
937 3827 1013 3887 Hes.
1038 3846 1089 3905 cp.
1116 3828 1179 3887 504
1204 3822 1289 3907 (ΠΙ),

226 3935 311 4015 quod
352 3935 498 3996 Gaisiord
533 3935 630 3995 etiam
654 3934 763 3994 Proclo
787 3933 940 3994 attribuit.
966 3933 1026 3994 hoc
1049 3933 1202 4011 originem
1219 3951 1290 3993 ean·

226 4043 300 4104 dem
324 4049 419 4121 atque
443 4047 544 4103 cetera
569 4042 689 4102 scholia
713 4047 740 4101 et
766 4042 877 4118 glossae
901 4039 1007 4100 habet.
1048 4040 1088 4101 ab
1105 4059 1206 4100 errore
1222 4046 1289 4099 tam

227 4150 341 4211 stolido
366 4145 529 4230 (Ληναιῶν-
554 4145 649 4229 ὄνομα
673 4148 767 4230 μηνὸς
790 4147 869 4205 κατὰ
892 4146 962 4213 τοὺς
985 4141 1145 4225 Βοιωτοὺς)
1160 4145 1289 4205 initium
