3225 5034
676 440 853 500 -aa-
943 393 951 402 ”

228 623 354 677 tantum
378 617 617 695 significationis
641 618 739 691 noeis,
764 637 780 678 e
804 633 869 696 qua
891 636 1008 678 nomen
1025 618 1098 679 festi
1115 618 1295 680 deriuatum

228 730 284 796 est,
320 724 399 784 ratio
434 724 545 784 habita
580 732 634 785 sst.
683 727 815 786 alteram
851 725 938 785 uiam
970 726 1141 786 scholiasta
1163 727 1296 787 Luoiani

227 830 356 908 indicat,
381 831 436 909 qui
460 851 476 890 e
500 850 577 892 uoce
602 826 687 913 ἀλωή
711 832 731 891 i.
757 851 782 891 e.
803 832 896 892 uinea
911 845 1029 892 nomen
1047 832 1190 906 deduxit,
1201 829 1223 912 ¹)
1240 833 1295 894 sed

228 936 332 997 media
349 938 382 997 in
398 939 452 998 uia
467 937 617 999 constitit.
651 933 737 1021 ἀλωή
750 935 843 999 Iones
856 945 896 1010 et,
910 938 965 1017 qui
978 938 1113 999 dialecto
1126 939 1230 1000 ionica
1242 939 1292 1001 usi

228 1047 312 1117 sunt,
348 1044 510 1116 dicebant}
551 1038 634 1110 ἅλως
668 1046 772 1105 forma
806 1045 903 1105 attica
937 1045 1080 1106 eiusdem
1116 1046 1202 1107 uocis
1238 1053 1295 1108 est.

229 1144 313 1232 ἀλωὴ
349 1170 413 1211 non
438 1153 542 1212 solum
566 1167 682 1226 aream,
707 1150 761 1212 sed
786 1152 883 1212 etlam
907 1152 1035 1212 uineam
1060 1160 1092 1213 et
1114 1153 1296 1231 pomarium

228 1263 259 1317 et
293 1269 404 1336 agrum
439 1260 614 1332 excultum,
650 1258 705 1336 qui
740 1255 834 1317 uallis
858 1256 1097 1336 circumsaeptus
1121 1266 1177 1331 est,
1202 1259 1295 1337 signi·

228 1364 310 1426 fleat.
346 1385 377 1424 u.
415 1360 436 1423 Σ
472 1365 547 1436 561,
584 1360 683 1436 690,
710 1364 724 1431 ζ
749 1364 813 1424 263
837 1369 869 1423 et
893 1364 990 1424 uerba
1012 1365 1167 1425 sollennia
1191 1358 1298 1440 γουνὸς

229 1466 341 1553 ἀλωῇ-ς.
394 1473 465 1532 tum
504 1463 712 1537 Ποσειδάωνος
747 1465 832 1551 ἀλωή
868 1469 1005 1549 Oppian.
1042 1471 1115 1531 Hal.
1157 1475 1183 1547 l,
1220 1471 1294 1546 797,

229 1578 388 1657 Neptunia
422 1584 521 1658 prata.
569 1579 673 1640 Schol.
710 1577 862 1639 Nicandri
884 1576 912 1653 (e
936 1577 1045 1656 Steph.
1070 1578 1162 1639 Thes.
1187 1578 1298 1657 affero)

229 1678 316 1743 ἁλωὰ
350 1685 403 1743 καὶ
438 1679 534 1766 ἀλωή·
571 1684 784 1767 λαχανοφόρος
808 1687 907 1751 τόπος,
955 1702 1048 1746 uoces
1078 1681 1205 1747 easdem
1229 1701 1297 1747 esse

227 1792 348 1870 optime
371 1793 538 1853 confirmat
561 1795 678 1854 Aratus
701 1809 731 1853 u.
758 1792 833 1865 811,
858 1811 877 1851 a
900 1810 963 1869 quo
987 1811 1064 1853 uooe
1089 1787 1173 1874 ἀλωή
1195 1794 1296 1867 halus,

228 1917 299 1976 quae
323 1900 405 1961 circa
428 1901 538 1960 lunam
562 1907 619 1973 est,
644 1899 848 1978 significatur.
885 1898 911 1957 si
936 1892 1044 1976 ‘Alpa
1067 1899 1108 1960 ab
1128 1900 1187 1959 hae
1203 1900 1296 1977 signi·

228 2005 374 2066 ficatione
399 2007 485 2067 rroois
502 2007 696 2078 deriuautur‚
713 1999 832 2066 festum
848 2004 1015 2065 uinearum
1033 2011 1064 2066 et
1079 2007 1296 2085 pomeriorum

228 2118 260 2173 et
282 2131 428 2190 agrorum
452 2129 548 2174 eausa
570 2114 763 2175 celebratum
788 2129 855 2173 esse
875 2111 1047 2184 indicatum
1073 2120 1105 2173 et
1119 2120 1189 2174 turn
1206 2114 1296 2187 ritus,

228 2219 345 2297 quibus
375 2221 523 2282 feriantes
547 2220 728 2293 utebantur,
751 2220 988 2297 intelleguntur.
1036 2221 1210 2298 agebantur
1233 2219 1297 2282 Ha-

229 2327 279 2387 loa
303 2333 339 2387 ut
362 2328 614 2406 Thesmophoria
636 2327 829 2401 Halimusia,
853 2326 970 2404 quihus
993 2344 1031 2386 ea
1050 2327 1214 2388 simillima
1230 2343 1297 2389 esse

228 2434 293 2494 iam
317 2434 395 2509 dixi,
420 2440 457 2495 ut
479 2435 658 2496 fecunditas
681 2433 871 2495 caerimoniis
892 2439 923 2493 et
938 2434 1036 2512 siguis
1052 2435 1205 2513 mysticis,
1222 2454 1298 2514 quo·

228 2561 298 2602 rum
325 2543 494 2621 primarius
524 2549 591 2602 erat
613 2542 750 2620 phallus,
776 2547 977 2618 quaereretur,
1002 2560 1101 2619 eaque
1125 2541 1165 2602 ad
1190 2542 1295 2602 fertili·

228 2653 328 2708 tatem
362 2655 452 2708 terrae
487 2649 645 2727 praeoipue
680 2653 821 2727 spectare
845 2667 962 2707 nomeu
986 2648 1152 2725 significat.
1199 2650 1296 2709 etiam

231 2756 331 2833 magis
365 2756 432 2816 haec
467 2762 581 2816 natura
612 2760 745 2828 constat,
781 2754 806 2814 si
842 2767 962 2833 pompa
994 2753 1143 2832 Neptuni,
1169 2755 1208 2815 de
1232 2775 1297 2833 qua

229 2863 470 2941 lexicographus
504 2862 638 2923 Bekkeri
672 2863 693 2921 l.
730 2861 749 2920 l.
787 2861 937 2938 loquitur,
962 2861 1111 2939 Neptuno
1136 2860 1293 2943 φυταλμίῳ

229 2971 296 3029 iure
332 2968 499 3029 ascribitur
533 2967 637 3049 (Stark
671 2969 705 3027 in
729 2967 843 3029 Lehrb.
870 2967 899 3028 d.
925 2987 970 3045 gr.
996 2969 1059 3028 Alt.
1085 2967 1118 3028 C.
1144 2969 1193 3030 Fr.
1219 2969 1296 3029 Her·

229 3077 341 3135 manui
365 3070 413 3136 11²
437 3076 457 3151 ἓ
481 3075 533 3149 57,
560 3073 600 3152 7.)

335 3182 457 3242 Eodem
482 3192 589 3242 mense
613 3188 708 3259 atque
728 3182 834 3241 Haloa
849 3181 1027 3241 Eleusinios
1044 3181 1197 3260 Dionysia
1212 3195 1296 3259 agre·

229 3291 290 3350 siis
325 3290 423 3366 egisse
457 3285 579 3367 lapides
615 3307 671 3349 nos
707 3288 831 3360 docent,
867 3306 939 3365 quae
973 3289 1005 3347 in
1035 3288 1128 3348 titulo
1154 3289 1297 3349 macedo·

229 3398 309 3458 nioae
344 3398 445 3457 aetatis
480 3396 549 3457 ClA
578 3396 633 3468 lV,
660 3397 689 3469 2,
715 3389 778 3456 597
804 3415 821 3455 e
844 3389 1005 3453 Διονυσίων
1029 3385 1044 3453 ὅ
1069 3395 1193 3474 πάτριος
1217 3389 1297 3470 ἀγὼν

229 3511 394 3575 uocantur,
424 3509 459 3563 ut
481 3503 514 3562 in
539 3503 609 3563 aliis
632 3503 734 3563 titulis
757 3502 777 3561 l.
802 3503 823 3561 l.
847 3501 910 3563 614
928 3501 958 3570 b,
977 3500 1040 3561 619
1057 3500 1088 3575 b,
1106 3521 1123 3562 ο
1140 3496 1155 3561 ὁ
1172 3502 1299 3582 πάτριος

230 3731 295 3768 area
323 3719 390 3779 erat,
410 3715 501 3781 elque,
524 3715 572 3780 qui
590 3715 687 3779 finges
707 3711 818 3765 Cereris
836 3713 931 3780 dabat,
951 3725 1016 3765 area
1034 3727 1147 3780 quoque
1166 3713 1299 3767 facienda

230 3809 298 3858 erat.
335 3805 396 3857 haee
423 3803 573 3857 Pausaniae
600 3806 759 3855 monstrata
781 3806 838 3866 est;
866 3802 902 3854 de
920 3803 1003 3866 festu,
1022 3802 1098 3868 quod
1117 3816 1182 3856 oum
1202 3819 1236 3855 ea
1254 3819 1298 3856 oo·

218 3909 337 3947 ¹nerum
365 3899 449 3958 esset,
478 3894 550 3947 nihil
569 3893 695 3945 tradirlit.
732 3907 828 3944 aream
847 3897 1052 3945 commemorat
1069 3892 1171 3946 titulus
1190 3887 1298 3946 Eleusi·
1322 3893 1325 3899 '

229 3986 295 4037 nius
314 3983 462 4036 mutilatus
483 3983 545 4036 CIA
558 3983 607 4047 IV,
627 3982 651 4047 2,
671 3982 724 4035 834
741 3982 761 4034 b
779 3981 809 4032 II
828 3981 870 4033 21.

339 4071 358 4137 ¹)
385 4073 478 4125 Schol.
506 4075 542 4125 ad
566 4073 633 4124 Luc.
653 4071 718 4124 dial.
739 4086 807 4123 mer.
829 4070 892 4136 VH,
911 4071 965 4124 41.
984 4071 1019 4124 33
1039 4069 1117 4122 ἁλῶσι
1137 4068 1163 4121 a
1183 4068 1298 4141 ἐκλήθη

230 4157 273 4212 διὰ
292 4163 335 4212 τὸν
354 4163 453 4230 καρπὸν
473 4166 518 4212 τοῦ
539 4160 672 4213 Διονύσου·
692 4157 781 4209 ἀλωαὶ
799 4160 851 4228 γὰρ
871 4155 899 4209 αἱ
918 4166 968 4210 τῶν
988 4158 1114 4230 ἀμπέλων
1133 4165 1243 4230 porsina.
