3225 5034
699 400 877 462 -15„.

282 590 346 671 De
376 591 562 672 scholiis
592 593 650 672 ad
681 593 784 673 Hes.
815 617 887 695 op.
918 598 966 675 et
995 597 1093 676 dies
1124 621 1163 676 u.
1193 601 1292 678 504.

360 790 487 852 Scholia
510 791 611 852 Procli
635 796 666 852 et
690 792 940 871 Byzantinorum
962 800 995 855 et
1017 796 1130 872 glossa
1153 797 1319 875 lexicogra-

253 897 483 975 phorurn‚·qui
507 898 546 959 de
571 899 725 959 Lenaeone
750 917 858 960 mense
882 901 1033 979 scripsere
1050 898 1192 984 (II-X),
1208 921 1320 965 omnes

252 1023 273 1063 a
296 1003 465 1065 Plutarcho
489 1005 639 1084 pendent,
665 1023 760 1082 quem
784 1012 946 1067 auctorem
967 1026 1062 1069 suum
1078 1009 1176 1071 fuisse
1191 1010 1319 1072 Procius

253 1110 339 1171 dicit.
390 1130 505 1189 magna
528 1112 567 1172 de
590 1112 629 1173 iis
653 1112 707 1172 lite
730 1119 799 1173 orta
823 1113 914 1186 tanti,
939 1115 1051 1192 quanti
1075 1111 1190 1194 cuique
1206 1122 1318 1195 aptum

251 1222 308 1292 est,
334 1236 371 1277 ea
394 1219 493 1278 iecere
517 1219 578 1279 uiri
597 1218 699 1290 docti;
724 1219 852 1280 Boeckh
875 1219 975 1299 proba
997 1229 1029 1281 et
1051 1241 1132 1300 pura
1154 1241 1192 1283 ea
1215 1230 1316 1296 uocat,

253 1324 411 1386 Fritzsche
436 1327 451 1385 Ι
474 1346 505 1404 p.
532 1327 572 1384 22
598 1325 637 1386 de
658 1326 790 1386 »misera
806 1327 867 1398 ista,
882 1327 1075 1392 scholiorum
1091 1330 1317 1391 Hesiodiorum

252 1430 426 1509 farragine»
457 1451 530 1493 cnm
554 1438 740 1511 contemptu
764 1432 914 1511 loquitur,
939 1435 1062 1496 Gilbert
1085 1457 1115 1515 p.
1143 1437 1194 1509 20,
1219 1456 1316 1514 quam

251 1537 293 1597 sit
322 1538 401 1598 aeris
432 1539 480 1612 lis,
524 1538 636 1600 uidens
660 1539 768 1600 amine
792 1539 912 1601 afflicto
936 1542 1048 1617 exiis,
1072 1543 1127 1621 qui
1151 1544 1239 1604 locus
1262 1544 1315 1605 Le

250 1645 355 1703 nasoni
378 1645 480 1706 mensi
503 1645 692 1707 tribuendus
716 1647 766 1720 sit,
790 1648 858 1707 erui
881 1666 973 1726 posse
997 1649 1152 1728 desperat.

356 1751 402 1811 De
437 1752 557 1813 scholio
591 1752 692 1814 Procli
727 1750 795 1834 (ΙΙ),
833 1754 917 1831 quod
946 1758 1223 1819 eeommentariis
1246 1758 1316 1820 Plu·

248 1855 350 1917 tarchi
373 1857 407 1917 in
431 1859 506 1921 Hes.
532 1879 583 1938 op.
608 1866 639 1919 et
658 1859 726 1920 dies
743 1859 924 1922 deriuatum
940 1867 997 1936 est,
1014 1864 1156 1941 primum
1172 1884 1313 1942 agamus.

247 1964 370 2024 confert
393 1965 520 2027 Procles
545 1985 618 2027 cum
643 1967 798 2028 Lcnaeone
822 1976 853 2028 et
877 1969 1046 2030 Buoatium
1069 1976 1101 2031 et
1117 1972 1313 2046 Hermaeum,

248 2076 284 2129 ut
318 2090 335 2129 e
370 2071 496 2134 duobus
531 2072 675 2152 partibus
709 2073 769 2134 hoc
805 2074 962 2135 scholium
997 2082 1120 2138 constet
1152 2082 1188 2138 ut
1210 2080 1314 2156 glossa

247 2176 401 2254 Hesychii
440 2174 581 2261 Ληναιών
616 2181 696 2265 (Vll.
733 2181 927 2259 posteriorne
962 2202 1089 2261 quoque
1123 2203 1206 2263 pars,
1242 2203 1314 2263 quae

245 2284 333 2361 apud
368 2285 515 2347 Proclum
549 2287 662 2366 incipit
696 2282 714 2367 ἢ
751 2287 799 2347 τὸν
835 2282 979 2368 Ἑρμαῖον
1002 2290 1088 2368 apud
1112 2291 1312 2369 Hesychium

247 2384 319 2449 ἔνιοι
344 2388 386 2465 δὲ,
411 2393 452 2453 ad
476 2394 681 2455 Plutarchum
705 2395 870 2455 referenda
892 2403 983 2470 esset,
1000 2397 1126 2458 Boeckh
1144 2397 1313 2460 dubitabat

247 2500 266 2558 l.
292 2500 311 2559 l.
337 2522 368 2580 p.
395 2500 450 2573 73;
475 2509 648 2579 utrumque
671 2508 780 2562 tamen
804 2521 947 2564 mensem
971 2504 1120 2565 Lenaeoni
1143 2505 1164 2566 i.
1189 2524 1215 2565 e.
1252 2506 1311 2566 (ia-

247 2608 377 2668 melioni
411 2608 599 2687 respondere
634 2608 774 2687 potuisse
805 2607 951 2683 ducebat,
976 2629 1049 2670 cum
1074 2611 1194 2671 ratione
1217 2611 1310 2672 inter·

244 2715 379 2775 calandi-
406 2715 549 2776 boeotiea
576 2715 639 2775 alia
661 2723 756 2793 atque
780 2715 876 2775 attica
900 2722 1072 2794 utrumque
1095 2722 1177 2778 recte
1201 2736 1233 2779 se
1256 2718 1309 2779 ha·

245 2819 341 2896 beret,
367 2823 452 2900 quod
476 2823 589 2883 Lenaeo
614 2822 709 2883 modo
726 2821 759 2882 in
776 2821 946 2883 Bucatium
963 2822 1058 2884 modo
1074 2824 1107 2883 in
1124 2825 1311 2886 Hermaeum

245 2928 406 2990 incideret.
442 2930 470 2989 ei
499 2929 621 2991 Gilbert
644 2949 676 3007 p.
702 2929 743 2990 28
767 2947 836 3007 sqq.
862 2929 1047 2991 aduersatus
1071 2937 1119 2991 est
1141 2930 1310 2992 Plutarcho

245 3036 449 3113 posteriorem
480 3043 604 3115 partem
627 3035 816 3097 abiudieans
839 3032 881 3116 (p.
907 3037 949 3097 33
973 3034 1065 3118 sqq.).
1112 3038 1308 3100 Boeclrhium

242 3160 355 3216 errare,
391 3162 466 3204 curn
493 3143 699 3204 Plutarchum
723 3162 848 3222 semper
871 3144 1011 3222 singulos
1036 3164 1160 3206 menses
1184 3165 1308 3225 compa·

244 3268 311 3308 rare
335 3250 456 3311 soleret.
487 3249 541 3307 acri
565 3245 608 3316 εἰς
631 3243 737 3309 ταύτὸν
761 3245 927 3332 ἐρχόμενος
951 3258 990 3329 τῷ
1014 3246 1190 3332 Γαμηλιῶνι
1213 3271 1307 3315 sensu

242 3374 347 3416 carere
370 3362 401 3416 et
424 3356 596 3417 delendum
620 3376 696 3419 esse.
726 3358 754 3418 si
769 3358 925 3419 sententia
941 3358 1092 3419 Boeckhii
1108 3357 1308 3421 admittenda

243 3471 333 3536 esset,
369 3463 575 3524 Plutarchum
610 3465 785 3541 significare
821 3463 967 3525 debuisse
1002 3466 1187 3525 Hermaeum
1221 3469 1266 3526 int
1297 3502 1305 3509 ·

242 3571 311 3629 dum
347 3576 456 3630 tantum
484 3571 519 3630 in
542 3571 732 3632 Lenaeonem
755 3570 903 3644 incidere,
927 3571 1011 3632 hane
1033 3572 1172 3649 glossam
1196 3575 1305 3652 margi·

243 3677 358 3750 nalem,
394 3695 475 3755 quae
499 3696 532 3738 re
567 3696 642 3738 uera
670 3678 716 3738 ad
744 3677 914 3738 Bucatium
938 3683 1102 3755 spectaret,
1128 3679 1305 3741 eiciendam

241 3798 324 3857 esse3
365 3789 489 3862 partem
522 3785 727 3863 posteriorem
763 3785 875 3846 scholii
894 3785 949 3855 ,ad
986 3804 1129 3846 mensem
1164 3786 1305 3847 ionicum

242 3889 441 3964 Lenaeonem‚
467 3891 521 3968 qui
545 3891 704 3952 secundus
727 3897 799 3970 post
823 3891 995 3953 solstitium
1019 3898 1110 3965 esset,
1134 3912 1167 3954 se
1191 3895 1303 3953 referre

240 3993 315 4072 (hoc
350 3997 467 4058 falsum
491 4016 558 4058 esse
582 4016 683 4074 neque
706 3998 847 4058 ionicum
871 3999 1062 4059 Lenaeonem
1086 3999 1184 4059 alium
1209 4006 1305 4077 atque

243 4103 436 4164 Hesiodeum
461 4121 528 4164 esse
551 4104 635 4163 infra
658 4102 802 4165 delestis
819 4105 930 4166 ionicis
948 4105 1103 4167 disserens
1119 4104 1300 4184 explicab03
