3225 5034
754 420 934 481 ..92-

307 607 338 661 et
372 600 458 679 apud
494 617 568 660 eum
604 604 635 659 et
668 598 755 677 apud
791 598 1037 678 Aristophanem
1066 615 1218 677 pompam
1244 596 1378 658 maximi

307 726 374 768 esse
410 707 564 767 momenti
595 700 625 788 (ἡ
649 700 737 786 ἑορτὴ
762 699 980 786 ἐπέμπετο).
1027 705 1199 784 phallicam
1224 723 1378 783 pompam

307 815 402 874 etiam
438 819 691 874 commemorant
721 811 819 872 schol.
844 811 885 872 ad
909 812 1007 873 Olem.
1034 813 1123 872 Alex.
1148 832 1179 890 p.
1207 811 1248 872 29
1273 809 1379 872 Pottar

307 917 476 1001 (XXVIII)
499 926 530 980 et
554 920 734 980 Heraclitus
751 920 808 995 irg.
831 919 891 979 127
910 920 995 997 Byw.
1014 914 1173 998 (XXVII).
1202 918 1229 979 is
1246 917 1378 996 quidam

306 1045 342 1088 ea
378 1028 456 1105 ipsa,
493 1046 564 1105 quae
592 1025 760 1104 Dicaepolis
784 1026 857 1102 agit,
882 1045 1037 1104 pompam
1061 1032 1093 1086 et
1115 1043 1253 1098 carmen,
1278 1025 1379 1085 nomi·

307 1135 410 1194 natim
445 1138 674 1194 commemorat
684 1126 716 1212 1).
763 1139 895 1211 apparet
929 1132 1075 1211 phallum
1111 1132 1230 1210 ubique
1266 1132 1379 1191 eodem

307 1240 403 1301 modo
437 1243 560 1301 cultum
595 1258 671 1301 esse.
719 1239 831 1317 quanti
861 1239 1016 1299 momenti
1040 1259 1168 1299 carmen
1191 1229 1377 1317 phallopho·

306 1366 414 1407 rorum
440 1348 536 1408 luerit
559 1367 598 1407 ex
621 1366 658 1406 eo
682 1365 808 1424 quoque
825 1351 966 1425 apparet,
984 1345 1069 1423 quod
1087 1346 1162 1406 inde
1178 1344 1377 1406 comoediam

306 1460 416 1514 natam
440 1472 507 1515 esse
531 1459 665 1514 testatur
688 1453 880 1513 Aristoteles.
907 1454 946 1513 oi.
971 1472 1064 1531 porro
1089 1453 1167 1513 Hdt.
1193 1453 1235 1525 11,
1261 1452 1313 1513 48.

414 1560 572 1632 Quoniam
608 1560 704 1636 igitur
731 1579 860 1638 pompa,
884 1560 917 1620 iu
942 1579 1006 1637 qua
1029 1559 1157 1637 phallus
1179 1559 1379 1619 circumfere-

306 1666 409 1733 batur.
436 1667 515 1728 ritus
539 1673 587 1727 est
609 1667 818 1743 grauissimus
841 1666 1067 1744 Dionysiorum
1091 1666 1273 1743 agrestium,
1292 1684 1378 1726 nuno

306 1793 496 1852 quaeramus,
533 1774 611 1851 quid
647 1773 707 1834 sibi
744 1774 880 1833 uoluerit
914 1773 1051 1851 phallus,
1088 1773 1178 1833 cuius
1214 1772 1253 1832 (10
1288 1773 1378 1832 cultu

304 1881 453 1941 instituto
470 1881 558 1941 uaria
570 1880 756 1940 fabulantur
768 1886 899 1940 ueteres.
925 1879 1107 1940 Herodotus
1119 1880 1162 1952 ll,
1176 1879 1218 1939 48
1231 1898 1300 1957 sqq.
1315 1879 1378 1939 Me·

305 1988 457 2066 lampoda
492 2006 613 2047 morem
648 2007 688 2047 ex
716 1986 857 2065 AEgypto
881 1983 1008 2065 petiisse
1033 1987 1143 2058 tradit;
1169 1986 1312 2047 fabulam
1336 1986 1377 2046 de

306 2094 506 2172 Polyhymno
530 2095 580 2154 uel
601 2093 810 2171 Proshymno,
828 2102 969 2154 amatore
986 2093 1112 2167 Bacchi,
1130 2093 1259 2153 tradunt
1277 2093 1375 2154 sohol.

306 2201 435 2261 Lucian.
473 2201 530 2260 dea
566 2201 634 2279 Syr.
663 2201 701 2260 16
726 2200 841 2261 Suidas
865 2200 992 2279 aliique,
1016 2219 1097 2278 quos
1120 2200 1194 2260 uide
1218 2218 1299 2261 curs.
1323 2219 1378 2278 pa·

303 2309 413 2385 trolog.
439 2308 488 2368 ed.
514 2308 618 2385 Migne
642 2316 664 2367 t.
691 2308 791 2381 VIII.‚
820 2310 892 2381 111,
917 2326 944 2368 a.
971 2307 1023 2367 93.
1072 2306 1168 2367 schol.
1186 2306 1226 2367 ad
1245 2307 1375 2367 Luoian.

305 2415 389 2474 deor.
415 2434 501 2476 conc.
528 2414 547 2474 5
571 2421 602 2473 et
626 2413 699 2473 dial.
727 2433 802 2475 mer.
831 2414 901 2487 VII,
927 2416 946 2473 4
966 2412 1027 2494 (ed.
1045 2414 1156 2474 Rohde
1173 2414 1254 2474 Mus.
1273 2414 1374 2473 Rhen.

304 2520 406 2591 XXV,
444 2519 520 2600 557)
555 2532 682 2581 narrant
719 2522 857 2582 Icarium
890 2521 1012 2581 cultum
1038 2520 1152 2581 Bacchi
1176 2521 1211 2580 in
1236 2520 1375 2580 Atticam

304 2628 419 2687 inferre
443 2634 594 2688 nonatum
618 2633 766 2689 necatum
791 2646 868 2701 esse,
893 2647 957 2705 quo
980 2627 1065 2687 facto
1085 2628 1132 2687 ira
1149 2627 1198 2687 dei
1216 2626 1376 2705 pruritum

303 2734 473 2795 infandum
509 2743 622 2795 natum
658 2753 734 2806 esse,
771 2735 822 2795 oui
853 2741 889 2795 ut
913 2734 1102 2807 mederetur,
1127 2734 1228 2812 phalli
1252 2733 1375 2794 dedica·

303 2848 420 2901 rentur.
461 2842 579 2901 similia
602 2841 642 2901 de
665 2841 782 2918 Pegaso
805 2840 903 2901 tradit
927 2840 1024 2901 schol.
1051 2840 1090 2900 ad
1117 2842 1168 2899 Ar.
1195 2840 1272 2901 Aah.
1299 2840 1373 2901 243.

304 2948 416 3025 quanti
452 2947 500 3007 hae
534 2948 652 3008 iabulae
680 2948 834 3008 iaciendae
858 2948 931 3020 sint,
956 2966 1052 3007 nemo
1075 2967 1140 3007 non
1163 2947 1261 3008 uidet.
1310 2966 1375 3007 mo·

303 3071 369 3113 rem
394 3055 428 3113 in
452 3055 574 3114 Graecia
597 3054 892 3131 frequentissimum
917 3055 1015 3115 inisse
1039 3053 1213 3115 ostendunt
1235 3054 1375 3114 Herodo·

303 3167 355 3219 tus
379 3159 418 3219 de
441 3179 478 3220 οο
502 3161 659 3239 copiosius
684 3161 840 3221 disserens
864 3167 895 3221 et
918 3168 1023 3240 patres
1047 3160 1194 3233 ecolesiae,
1220 3162 1275 3238 qui
1299 3179 1374 3221 eum

302 3267 584 3327 uehementissime
607 3268 781 3345 increpant,
818 3288 866 3327 ex.
892 3288 918 3329 0.
944 3268 1062 3328 Arnob.
1088 3269 1158 3328 adv.
1185 3273 1248 3328 nat.
1276 3269 1313 3342 V,
1332 3268 1373 3329 29

303 3379 391 3432 totum
413 3376 569 3448 iraterropet
592 3375 745 3448 Graeo‘um,
771 3377 841 3450 qaid
863 3377 919 3435 sibi
943 3378 1033 3436 uelint
1054 3378 1079 3436 11
1096 3378 1203 3451 phalli,
1229 3396 1299 3458 quos
1318 3396 1375 3451 per

302 3500 377 3540 rura
406 3501 463 3556 per
497 3483 605 3556 oppida
636 3501 697 3541 utos
724 3484 849 3557 00111911
870 3489 897 3542 et
919 3489 1074 3543 aeaeratur
1097 3485 1240 3559 antiquas.
1269 3484 1305 3554 V,
1331 3482 1372 3543 39

297 3589 467 3663 phallorum
501 3590 558 3647 istu
588 3590 827 3664 fascinorumque
860 3592 1007 3664 subrectio,
1044 3610 1114 3666 quos
1140 3592 1246 3650 1111100
1269 3591 1374 3649 danais

412 3779 430 3842 ¹)
452 3781 494 3832 De
514 3781 568 3832 hoc
586 3782 749 3846 fragmento
768 3783 986 3848 interpretando
1005 3783 1090 3835 ualde
1110 3787 1294 3835 certauerunt
1313 3782 1373 3848 phi-

302 3869 424 3935 losophi,
444 3886 471 3921 u.
491 3885 536 3921 ex.
556 3886 579 3922 o.
599 3870 745 3933 Sehuster,
766 3872 899 3924 Heraklit
917 3871 970 3925 336
989 3888 1031 3938 sq,
1051 3872 1216 3938 Plleiderer,
1237 3872 1289 3923 Die
1309 3871 1372 3922 Phi-

301 3958 433 4024 losophia
461 3958 512 4010 des
543 3960 675 4012 Heraklit
702 3960 745 4012 28.
783 3961 917 4026 equidem
945 3961 973 4012 h.
993 3961 1012 4013 l.
1032 3961 1117 4013 oredo
1137 3960 1316 4012 Heraclitum
1335 3958 1373 4011 ad

301 4048 429 4100 fabulam
457 4047 493 4099 de
512 4048 603 4101 Icario
623 4049 670 4101 uel
689 4050 774 4101 aliam
794 4050 919 4102 similem
938 4056 1075 4116 spectare.
1115 4050 1169 4100 hoc
1189 4050 1267 4101 enim
1287 4048 1373 4100 modo

300 4137 391 4189 uerba
409 4138 517 4203 optime
536 4138 731 4204 explicantur;
751 4139 797 4204 qui
819 4139 908 4190 fuerit
927 4154 1055 4190 conexus
1074 4154 1179 4202 rernm,
1193 4138 1279 4204 plane
1292 4138 1372 4189 latet.

575 4393 588 4424 ψ
