3225 5034
768 384 941 448 ηδ...

320 569 433 648 prioris
468 568 543 628 anni
572 564 706 627 Athenio
730 584 782 627 eoa
806 574 1037 644 spectauerant.
1084 555 1326 645 Hippolochum
1350 567 1390 627 de

320 694 357 737 eo
380 676 524 736 loentum
548 690 624 748 aeae,
649 674 751 753 pergit
775 673 907 744 Gilbert,
932 673 1018 750 quod
1042 673 1188 752 Lynceus
1211 673 1250 734 iia
1266 673 1411 748 diebua,·

320 782 437 861 quibus
472 781 593 860 nuptia
623 780 866 850 eelebrarentur,
891 780 1018 857 egissem
1044 780 1251 858 quamobrem
1277 781 1390 842 Lenaea

320 898 352 950 et
382 889 518 966 Ohyuoa
545 904 687 948 mensem
713 887 830 948 distare
853 900 919 947 nun
942 887 1092 965 potuisse,
1117 887 1172 948 sed
1197 887 1237 948 ad
1262 888 1389 948 eaedem

321 997 414 1057 feriae
438 996 594 1075 pertinere
611 995 738 1066 debere;
755 994 871 1054 Lenaea
886 994 978 1054 ludos
995 994 1145 1055 eeaenieoa
1160 1010 1236 1068 esee,
1255 995 1391 1073 Chytroe

320 1118 474 1183 pompam
498 1103 638 1163 iocosam
662 1097 703 1181 (p.
732 1098 815 1181 157).
863 1101 923 1161 hoo
947 1101 1098 1162 ultimum
1121 1118 1234 1162 uerum
1251 1121 1316 1162 non
1332 1108 1388 1162 est.
1423 1090 1428 1100 ¹

320 1210 443 1271 Lenaeie
466 1226 537 1288 quae
560 1208 684 1270 Giibert
707 1208 786 1269 dicit
808 1208 949 1286 exeeptis
972 1206 1003 1287 (i.
1028 1223 1055 1268 a.
1079 1209 1251 1269 eertamine
1268 1209 1391 1269 histrio

321 1313 412 1398 num)
446 1317 526 1378 ritus
562 1315 765 1394 cumrerum,
801 1324 881 1393 quoa
909 1316 993 1375 inire
1015 1330 1185 1393 exponam,
1210 1334 1286 1376 eane
1309 1315 1390 1375 nihil

320 1422 456 1502 ereptae
480 1422 658 1497 habebant3
683 1436 781 1501 quare
797 1423 828 1482 h.
846 1423 867 1482 1.
885 1430 1013 1501 prorsus
1030 1436 1094 1482 nnn
1110 1422 1261 1483 eonuenit
1277 1423 1391 1483 Lenaea

319 1537 352 1591 et
375 1530 511 1609 Chytroa
535 1529 576 1590 ad
600 1529 738 1591 eundem
763 1529 848 1590 diem
873 1530 1002 1600 reterre3
1027 1547 1100 1607 ergo
1123 1536 1268 1608 reparata
1290 1535 1389 1590 erent.

320 1652 424 1716 neque
459 1652 585 1698 neeesse
620 1642 668 1697 eat
702 1634 943 1715 Hippolochum
972 1630 1012 1695 de
1035 1654 1072 1695 eo
1095 1642 1221 1696 tantum
1246 1639 1389 1697 locutum
1467 1651 1471 1659 ·

320 1758 398 1815 ease,
423 1743 508 1823 quod
534 1742 648 1803 diebus
671 1743 859 1821 nuptiarum
883 1738 1016 1802 Athenis
1038 1743 1147 1815 fiebam
1174 1742 1288 1820 quodsi
1304 1760 1389 1815 eum,

320 1851 475 1929 quoniam
510 1851 631 1910 litterae
667 1850 763 1924 misit,
788 1849 829 1909 ab
853 1849 957 1909 amieo
980 1849 1057 1911 eatis
1081 1849 1136 1910 diu
1160 1850 1278 1910 afuisse
1301 1864 1391 1928 repu-

320 1964 427 2018 tamus
462 1962 493 2018 et
523 1970 728 2017 communem
752 1957 785 2017 in
810 1957 923 2019 litteris
946 1956 1122 2018 scribendis
1146 1972 1267 2017 morem
1291 1956 1390 2017 conai-

321 2058 480 2137 deramue‚
504 2064 744 2125 eoncedendum
768 2050 823 2125 eet¹
837 2078 910 2123 eum
927 2065 1045 2136 omnia,
1063 2078 1134 2141 quae
1150 2063 1297 2142 proximo
1313 2069 1390 2123 tem-

320 2185 396 2250 pore
431 2172 514 2231 iacta
542 2179 641 2244 arant,
671 2170 822 2231 adhibere
845 2171 996 2249 potuisse.
1044 2169 1251 2248 quamobrem
1276 2171 1390 2231 Lenaea

321 2284 353 2337 et
381 2277 525 2356 chynon,
554 2290 752 2355 quamquam
776 2279 915 2339 interae
940 2294 1082 2338 mensem
1104 2276 1275 2351 distabant,
1293 2278 1391 2338 simul

321 2378 434 2444 afferre
457 2390 489 2445 et
512 2396 585 2445 curn
610 2385 731 2463 nuptiis
752 2400 936 2463 comparare
951 2382 1065 2463 potuit.
1105 2382 1257 2463 Dionysia
1274 2400 1392 2461 magna

321 2491 440 2571 emisit,
465 2492 532 2552 siue
560 2488 646 2570 quod
671 2493 792 2571 nuptiae
816 2501 889 2552 anto
912 2506 949 2552 aa
972 2493 1064 2553 ieetae
1088 2500 1187 2565 erant,
1212 2492 1279 2552 siue
1303 2486 1390 2569 quod

322 2598 566 2672 moderamni,
591 2612 689 2677 quarn
713 2614 784 2677 quae
807 2596 960 2659 irrideret.

321 2834 379 2910 De
414 2836 665 2924 testimoniis,
695 2858 788 2931 quae
820 2840 872 2912 ad
896 2841 1043 2912 Lenaea
1068 2842 1110 2911 et
1134 2836 1390 2912 Anthesteria

580 2946 860 3038 eoniunpenda
883 2946 1131 3020 adhibentur.

429 3131 554 3193 Primus
588 3133 676 3193 laeua
712 3133 966 3194 Acharnenaium
991 3132 1214 3211 Aristophanis
1237 3140 1293 3204 eet,
1319 3147 1390 3210 quoe

321 3238 432 3299 fabula
466 3239 506 3299 ad
541 3238 575 3299 id
609 3245 738 3318 tempus
772 3240 918 3318 pertinet,
943 3258 1027 3314 cum,
1052 3240 1214 3317 quomodo
1237 3239 1390 3318 Dionysia

322 3352 393 3406 aeta
428 3346 501 3418 sini,
531 3346 609 3407 seire
633 3352 741 3407 nostra
765 3326 905 3406 maxime
928 3347 1067 3410 intereat.
1115 3346 1324 3425 quamobrem
1349 3346 1389 3407 ad

322 3452 530 3530 quaeetionom
567 3453 754 3513 soluendam
790 3454 855 3514 iam
890 3454 1015 3532 pridem
1043 3454 1189 3514 adhibita
1211 3460 1267 3514 eet.
1315 3470 1390 3514 cum

321 3563 430 3619 autmn
464 3563 558 3638 potita
592 3576 650 3633 res,
686 3576 758 3637 quae
792 3578 830 3619 oa
864 3566 955 3621 aetate
990 3560 1140 3621 omnibus
1175 3533 1259 3620 hotta
1289 3566 1388 3634 erant,

321 3663 435 3725 leuiter
468 3666 604 3744 tetigerit
639 3682 697 3727 nec
731 3667 881 3728 distinete
904 3668 1139 3746 signifieauerit,
1163 3682 1250 3727 nune
1272 3666 1390 3727 indeo

322 3772 515 3832 Ruhnkenio
554 3779 586 3833 et
620 3773 781 3835 Boeokhio
816 3792 926 3836 ornnes
961 3790 1034 3835 eum
1070 3775 1104 3834 in
1139 3792 1229 3835 suam
1265 3780 1389 3854 partem

321 3878 445 3939 trahere
479 3881 584 3941 eonati
608 3886 692 3942 aunt.
740 3890 1031 3942 commemorantur
1054 3882 1087 3941 in
1112 3878 1189 3942 th.
1237 3861 1391 3959 Dionysia

321 3986 457 4063 agrestia
480 3987 594 4048 Ienaee
617 3987 718 4049 Choes
743 3988 927 4067 Chytrique‚
952 4004 1088 4066 quorum
1113 3988 1144 4048 h.
1169 3988 1189 4048 l.
1212 3988 1252 4048 de
1267 3988 1390 4049 Lenaeia

320 4095 449 4153 tentum
484 4092 646 4173 disputare
681 4094 762 4154 mihi
796 4096 830 4154 in
866 4097 974 4155 animo
1004 4102 1064 4166 eat;
1090 4095 1173 4155 infru
1195 4096 1388 4174 perquiram,
