3225 5034
522 1244 814 1327 Conspectus
840 1246 1106 1328 argumenti.

284 1498 416 1551 Praefatio
450 1536 1258 1552 ...................

284 1589 326 1640 De
344 1587 485 1639 Lenaeone
504 1602 604 1639 mense
630 1625 1260 1640 ...............

386 1676 428 1728 De
448 1676 510 1728 loco
530 1677 676 1728 Hesiodeo
718 1715 725 1730 .
762 1705 770 1714 -

388 1766 429 1817 De
448 1766 532 1817 fastis
551 1765 691 1817 boeotiois
719 1804 725 1817 .
764 1802 1261 1819 ............
1334 1765 1350 1816 6

390 1854 433 1906 De
453 1854 570 1906 scholiis
589 1855 625 1906 ad
646 1855 716 1906 Hes.
736 1871 782 1919 op.
802 1859 831 1906 et
849 1854 912 1906 dies
931 1871 958 1906 u.
978 1853 1031 1906 504
1076 1894 1260 1907 .....
1317 1853 1350 1905 15

386 1944 428 1995 De
448 1943 533 1995 fastis
552 1944 663 1995 ionicis.

386 2033 550 2098 Tempusne
573 2032 642 2085 festi
662 2048 826 2099 nomenque
845 2033 954 2085 mensis
973 2037 1084 2084 mutata
1103 2032 1169 2097 sint,
1189 2047 1262 2098 quae·

387 2121 459 2172 ritur
461 2156 1262 2176 ...................
1316 2121 1353 2174 30

281 2209 383 2263 Cetera
401 2210 437 2262 de
457 2211 636 2276 temporibus
656 2212 861 2278 Dionysiorum
881 2211 1047 2263 testimonia
1066 2213 1234 2264 tractantur.
1255 2250 1261 2262 .
1316 2211 1352 2263 38

387 2301 490 2353 Utrum
523 2301 626 2353 Lenaea
655 2317 719 2353 oum
750 2299 944 2353 Anthesteriis
975 2301 1149 2365 coniungere
1178 2298 1264 2352 liceat

389 2405 488 2453 necne,
508 2391 645 2455 quaeritur
674 2427 1085 2444 ..........
1112 2376 1130 2443 ’.
1165 2425 1175 2443 .
1212 2426 1219 2441 .
1255 2426 1263 2442 .
1318 2388 1353 2441 38

495 2479 537 2530 De
564 2480 748 2543 testimoniis,
768 2495 831 2545 quae
850 2479 886 2530 ad
906 2479 1010 2530 Leuaea
1028 2483 1059 2530 et
1077 2478 1264 2530 Anthesteris

495 2568 675 2633 seiungenda
693 2568 870 2621 adhibentur
897 2606 1262 2620 .........
1318 2566 1354 2618 38

494 2657 536 2708 De
563 2658 747 2723 testimoniis,
767 2673 830 2722 quae
849 2657 886 2708 ad
906 2657 1009 2709 Lenaea
1028 2662 1058 2708 et
1076 2655 1264 2708 Authesteria

495 2746 697 2811 coniungenda
715 2745 891 2798 adhibentur
944 2780 1264 2798 ........
1319 2743 1354 2796 48

389 2835 493 2887 Utrum
510 2835 651 2901 Dionysia
663 2834 787 2900 agrestia
801 2850 865 2886 cum
880 2834 1075 2886 Anthesteriis
1089 2833 1264 2899 coniungere

389 2923 475 2976 liceat
493 2939 593 2990 necne,
613 2924 750 2989 quaeritur
808 2961 1263 2978 ...........
1319 2922 1354 2975 68

391 3013 494 3066 Utrum
526 3014 665 3079 Dionysia
695 3014 821 3079 agrestia
851 3029 917 3066 cum
949 3012 1060 3065 Lenaeis
1089 3011 1264 3077 coniungere

389 3102 475 3155 liceat
494 3117 594 3168 necne,
613 3103 751 3168 quaeritur
810 3140 1264 3156 ..........
1321 3101 1353 3153 Π

285 3191 327 3243 De
346 3197 553 3257 naturamque
572 3192 683 3257 origine
702 3192 840 3254 feriarum
860 3191 965 3244 Bacchi
988 3228 1264 3245 .......
1319 3190 1355 3242 84

498 3281 567 3342 Quae
591 3281 664 3332 ratio
684 3281 760 3333 inter
780 3280 918 3347 Dionysia
937 3285 967 3333 et
984 3280 1162 3332 uindemiam
1181 3280 1266 3332 inter·

497 3369 589 3435 cedat,
608 3370 745 3434 quaeritur
765 3407 1264 3424 ............
1320 3368 1355 3420 85

390 3459 433 3510 De
451 3458 600 3525 Dionysiis
619 3459 782 3523 agrestibus
812 3497 1264 3513 ...........
1321 3457 1356 3509 90

391 3548 434 3600 De
455 3547 566 3600 Lenaeis
587 3584 1265 3602 ................
1303 3546 1355 3598 109

391 3637 432 3689 De
452 3637 646 3689 Anthesteriis
721 3675 1266 3692 .............
1307 3635 1356 3688 115

498 3727 540 3778 De
560 3725 689 3779 Ohoibus
721 3761 1266 3780 .............
1305 3724 1355 3776 117

498 3816 541 3867 De
560 3815 677 3882 Ohytris
722 3854 1265 3869 .............
1305 3813 1357 3866 130

289 3903 462 3957 Testimonia
499 3942 1266 3960 ..................
1306 3902 1356 3955 139

558 3995 658 4049 Index.
697 3995 839 4049 Addendu
857 3998 887 4047 et
905 3994 1082 4061 corrigenda.

719 4151 930 4171 ψ
