3225 5034
667 398 845 460 -89...

224 598 253 657 p.
292 577 354 639 137
382 597 418 656 sq
442 577 556 638 Lenaea
579 578 696 638 testum
720 576 915 637 uindemiale
939 576 1037 637 luisse
1060 596 1212 656 apparere
1235 597 1291 657 pu·

173 711 176 718 =
223 691 300 754 tant,
337 684 420 762 quod
458 684 632 745 uictoribus
668 689 812 744 mustum
841 690 877 743 nt
899 683 1068 761 praemium
1093 684 1215 745 Lenaeis
1238 685 1290 746 da·

223 796 316 852 retur.
362 810 428 852 uox
463 787 611 869 τρυγῳδία
644 791 777 868 aliaque
801 809 876 851 cum
900 808 977 851 uoce
1001 788 1069 868 τρίνξ
1093 792 1289 870 composita,

223 900 294 975 quae
309 916 367 976 pro
389 894 533 978 κωμῳδία
556 893 703 977 κωμῳδός
726 894 792 957 κτλ.
817 902 1022 975 usurpantur,
1039 905 1197 976 quantum
1214 899 1289 972 scic,

222 1003 308 1083 apud
339 1004 476 1065 comicos
499 1011 531 1064 et
553 1005 739 1065 scholiastas
762 1012 794 1065 et
817 1004 1067 1082 glossographos‚
1092 1006 1148 1083 qui
1172 1005 1213 1065 ad
1237 1024 1290 1066 eos

222 1129 255 1172 se
289 1112 439 1185 referunt,
474 1112 557 1172 solos
592 1112 801 1190 reperiuntur,
833 1131 850 1171 e
878 1130 942 1189 quo
965 1130 1019 1171 eas
1042 1112 1180 1173 comicos
1204 1113 1290 1173 inue-

222 1217 306 1279 nisse
333 1224 473 1297 apparet⁴
521 1210 668 1297 τρυγῳδία
692 1218 853 1297 Aristoph.
879 1219 957 1279 Aen.
984 1219 1058 1291 499,
1084 1218 1158 1293 500,
1184 1237 1290 1297 τρυγῳ·

223 1320 275 1391 δός
311 1325 403 1403 Vesp.
441 1324 516 1397 650,
554 1325 648 1386 1537.
686 1321 861 1403 τρυγῳδικοί
895 1326 983 1405 χοροί
1018 1326 1097 1387 Αοίι.
1127 1327 1202 1400 886,
1227 1345 1291 1404 quo

223 1431 350 1492 breuius
374 1431 496 1492 dictum
521 1439 568 1492 est
591 1431 678 1510 χοροὶ
703 1433 835 1509 τρυγικοί
860 1432 937 1492 Ach.
964 1432 1038 1503 628,
1057 1429 1291 1512 τρυγοδαίμονες

221 1537 305 1599 Nub.
324 1537 397 1597 296.
421 1534 752 1619 τρυγῳδοποιομουσική
769 1539 827 1617 frg.
846 1539 920 1599 313.
939 1536 1110 1618 τρυγῳδεῐν·
1134 1535 1291 1619 κωμῳδεῖν

221 1645 403 1723 Hesychius
441 1652 499 1705 etc.
546 1645 624 1723 quid
660 1645 762 1723 magis
796 1648 1071 1707 consentaneum?
1116 1666 1192 1707 nam
1227 1665 1292 1724 qua

220 1757 288 1812 erat
321 1751 429 1812 indole
463 1752 637 1825 comoedia,
661 1772 719 1831 pro
746 1771 824 1813 uoce
846 1753 970 1813 solenni
994 1754 1057 1813 alia
1079 1753 1127 1813 uti
1150 1753 1290 1827 amabat,

220 1860 273 1920 cui
308 1860 430 1920 comica
464 1860 513 1921 uis
547 1860 659 1932 inerat,
688 1865 817 1920 etcum
842 1878 928 1920 soror
951 1860 1115 1921 cothurnis
1139 1860 1290 1924 incedens

221 1963 374 2043 τραγῳδία
400 1967 622 2045 appellaretur,
647 1967 687 2027 ad
712 1967 808 2027 huius
832 1967 920 2028 uocis
943 1968 1130 2046 exemplum
1153 1967 1214 2028 sibi
1238 1985 1290 2026 no·

220 2092 295 2133 men
332 2069 480 2150 τρυγῳδία
514 2072 640 2144 indidit,
677 2073 764 2152 quod
799 2074 896 2134 simul
920 2073 959 2134 de
983 2074 1117 2147 Bacch0,
1143 2073 1233 2134 ouius
1256 2073 1292 2134 in

219 2179 375 2240 honorem
411 2180 583 2241 comoediae
606 2199 732 2258 quoque
755 2180 940 2258 agebantur,
965 2179 1237 2242 commemorabat
1260 2185 1292 2240 et
1382 2241 1390 2260 ‚

219 2305 339 2346 nomen
367 2286 435 2346 uini
460 2306 524 2364 prae
547 2306 580 2348 se
603 2287 733 2357 ferebat,
758 2287 845 2365 quod
869 2287 983 2348 comici
1007 2294 1043 2347 ut
1065 2287 1188 2347 donum
1211 2287 1291 2364 opti·

220 2412 312 2453 mum
348 2393 398 2454 dei
434 2393 610 2455 laudabant
643 2400 675 2454 et
697 2394 731 2454 in
756 2413 820 2472 quo
843 2395 893 2454 uis
917 2394 1065 2471 quaedam
1089 2394 1182 2473 quasi
1206 2395 1289 2453 exul·

219 2505 293 2561 tans
317 2500 444 2574 latebat,
469 2519 541 2579 qnae
564 2501 699 2562 licentiae
723 2502 852 2563 comicae
875 2501 1040 2561 simillima
1056 2507 1131 2560 erat.
1166 2500 1199 2560 id
1216 2518 1291 2578 quo·

220 2625 283 2685 que
318 2607 452 2668 alicuius
478 2609 631 2668 momenti
654 2608 752 2669 tuisse
776 2614 912 2686 pareat,
936 2607 1022 2686 quod
1048 2608 1122 2667 huic
1146 2608 1216 2667 uoci
1240 2607 1291 2667 uis

219 2714 315 2773 uilior
337 2714 420 2774 inest
444 2710 493 2793 (ct.
520 2708 675 2792 τρυγόβιος
698 2714 812 2774 Pollux
836 2715 865 2788 6,
892 2701 954 2793 2'7);
979 2734 1051 2775 eam
1066 2714 1152 2774 enim
1169 2733 1291 2775 comoe-

220 2820 275 2880 dia
298 2839 423 2899 semper
446 2821 581 2900 praelert.
617 2822 735 2900 posteri
751 2828 869 2895 autern,
887 2821 1004 2899 quibus
1021 2840 1084 2881 uox
1101 2820 1292 2900 explicanda

220 2933 296 2997 erat,
333 2928 416 2987 hanc
450 2929 604 3006 originem
638 2927 819 3006 ignorantes
854 2929 887 2988 in
912 2928 1107 2989 coniecturas
1132 2927 1237 2988 uarias
1260 2932 1292 2989 et

221 3033 402 3095 arbitrarius
430 3035 552 3114 delapsi
575 3042 658 3096 sunt.
706 3035 931 3114 antiquissima
953 3036 1085 3096 fortasse
1109 3053 1146 3095 ea
1169 3040 1226 3107 est,
1251 3034 1291 3095 de

220 3159 285 3219 qua
319 3142 383 3202 iam
419 3142 573 3204 Horatius
605 3162 632 3202 a.
658 3149 741 3222 poet.
771 3162 801 3202 u.
828 3142 891 3204 277
916 3142 1065 3220 loquitur,
1090 3141 1290 3202 comoediam

220 3248 266 3309 sic
294 3247 413 3308 dictam
438 3267 514 3323 esse,
539 3248 624 3327 quod
653 3249 816 3327 »peruncti
840 3249 971 3310 laecibus
995 3268 1067 3309 ora»
1095 3253 1199 3326 partes
1223 3266 1291 3326 age·

220 3360 292 3416 rent
326 3362 447 3417 actores
482 3356 587 3434 primi,
623 3375 695 3434 quae
730 3356 827 3416 etiam
862 3356 896 3415 in
923 3349 1042 3416 scholio
1067 3355 1106 3416 ad
1133 3357 1184 3415 Ar.
1211 3355 1289 3416 Ach.

220 3480 252 3521 u.
278 3463 342 3522 499
366 3469 466 3523 extat:
492 3458 655 3540 τρυγῳδίαν
679 3470 779 3521 ποιων·
804 3459 974 3543 κωμῳδίαν·
999 3458 1065 3543 ἤτοι
1082 3458 1133 3520 διὰ
1149 3462 1181 3520 τὸ
1198 3461 1290 3541 τρυγα

221 3564 359 3627 ἔπαθλον
394 3567 570 3650 λαμβάνειν,
598 3564 729 3628 τουτέστι
757 3572 822 3629 νέον
847 3562 934 3643 οἶνον,
958 3564 977 3649 ἥ
1003 3565 1053 3626 διὰ
1077 3569 1109 3627 τὸ
1134 3569 1175 3650 μὴ
1200 3564 1290 3627 ὄντων

221 3677 413 3753 προσωπείων
448 3676 500 3757 τὴν
535 3670 634 3757 ἀρχὴν
669 3677 750 3754 τρυγὶ
774 3675 922 3757 χρίεσθαι
952 3674 1007 3742 τὰς
1030 3670 1123 3756 ὄψεις,
1148 3681 1180 3735 et
1202 3675 1288 3753 apud

221 3782 405 3860 scriptorem
430 3782 469 3842 de
493 3802 573 3843 corn.
599 3783 647 3843 ed.
673 3783 771 3843 Didot
794 3784 854 3857 Ill,
880 3784 910 3854 9,
936 3783 991 3843 ubi
1015 3783 1121 3843 uerbis
1138 3802 1167 3860 p.
1187 3781 1290 3859 priore

220 3889 325 3950 allatis
347 3889 416 3949 haec
439 3889 677 3967 subiunguntur
699 3885 718 3970 ἤ
738 3883 783 3947 δτι
799 3891 889 3970 μήπω
905 3889 1099 3968 προσωπείων
1115 3863 1290 3969 ἧδρημὲνων

221 3988 304 4074 τρυγί
343 3992 532 4077 διαχρίοντες
570 3995 607 4053 τὰ
642 3998 788 4074 πρόσωπα
824 3988 1023 4073 ὑπεκρίνοντο.
1083 3994 1151 4055 haec
1185 4012 1289 4053 narra·

220 4103 265 4164 tio
304 4102 446 4163 maxime
484 4102 640 4181 placuisse
676 4102 812 4163 uidetur⁴
871 4102 1036 4162 inuenitur
1070 4102 1157 4161 enim
1192 4100 1290 4161 etiam
