<?xml version="1.0" encoding="UTF-8"?>
<!DOCTYPE html PUBLIC "-//W3C//DTD XHTML 1.0 Transitional//EN"
    "http://www.w3.org/TR/xhtml1/DTD/xhtml1-transitional.dtd">
<html xmlns="http://www.w3.org/1999/xhtml" xml:lang="en" lang="en">
 <head>
  <title>
</title>
<meta http-equiv="Content-Type" content="text/html;charset=utf-8" />
  <meta name='ocr-system' content='tesseract 3.04.00' />
  <meta name='ocr-capabilities' content='ocr_page ocr_carea ocr_par ocr_line ocrx_word'/>
</head>
<body>
  <div class='ocr_page' id='page_1' title='image "./studiadedionysi00nilsgoog_0165.png"; bbox 0 0 3225 5034; ppageno 0'>
   <div class='ocr_carea' id='block_1_1' title="bbox 664 379 865 441">
    <p class='ocr_par' dir='ltr' id='par_1_1' title="bbox 664 379 865 441">
     <span class='ocr_line' id='line_1_1' title="bbox 664 379 865 441; baseline 0 -1"><span class='ocrx_word' id='word_1_1' title='bbox 664 379 865 441; x_wconf 82' lang='lat'><strong>-153-</strong></span> 
     </span>
    </p>
   </div>
   <div class='ocr_carea' id='block_1_2' title="bbox 224 548 1373 963">
    <p class='ocr_par' dir='ltr' id='par_1_2' title="bbox 224 548 1373 963">
     <span class='ocr_line' id='line_1_2' title="bbox 225 548 1299 642; baseline 0.001 -25"><span class='ocrx_word' id='word_1_2' title='bbox 225 549 411 640; x_wconf 88' lang='grc' dir='ltr'>Φανόδημός</span> <span class='ocrx_word' id='word_1_3' title='bbox 447 574 520 642; x_wconf 89' lang='grc' dir='ltr'>φησι</span> <span class='ocrx_word' id='word_1_4' title='bbox 555 551 743 641; x_wconf 73' lang='grc' dir='ltr'>Δημοφῶντα</span> <span class='ocrx_word' id='word_1_5' title='bbox 779 550 828 615; x_wconf 84' lang='grc' dir='ltr'>τὸν</span> <span class='ocrx_word' id='word_1_6' title='bbox 865 553 996 637; x_wconf 78' lang='grc' dir='ltr'>βασιλέα</span> <span class='ocrx_word' id='word_1_7' title='bbox 1020 554 1201 639; x_wconf 88' lang='grc' dir='ltr'>βουλόμενον</span> <span class='ocrx_word' id='word_1_8' title='bbox 1224 548 1299 618; x_wconf 83' lang='grc' dir='ltr'>δπσ-</span> 
     </span>
     <span class='ocr_line' id='line_1_3' title="bbox 225 657 1299 747; baseline 0.001 -23"><span class='ocrx_word' id='word_1_9' title='bbox 225 658 375 734; x_wconf 77' lang='grc' dir='ltr'>δέξασθαι</span> <span class='ocrx_word' id='word_1_10' title='bbox 410 667 653 745; x_wconf 88' lang='grc' dir='ltr'>παραγενόμενον</span> <span class='ocrx_word' id='word_1_11' title='bbox 687 657 736 724; x_wconf 87' lang='grc' dir='ltr'>τόν</span> <span class='ocrx_word' id='word_1_12' title='bbox 772 658 919 747; x_wconf 83' lang='grc' dir='ltr'>’Ὀρέστην</span> <span class='ocrx_word' id='word_1_13' title='bbox 951 661 1118 747; x_wconf 71' lang='grc' dir='ltr'>Ἀθήναζε.</span> <span class='ocrx_word' id='word_1_14' title='bbox 1166 665 1241 745; x_wconf 86' lang='grc' dir='ltr'>πρὸς</span> <span class='ocrx_word' id='word_1_15' title='bbox 1265 662 1299 725; x_wconf 83' lang='grc' dir='ltr'>δὲ</span> 
     </span>
     <span class='ocr_line' id='line_1_4' title="bbox 224 764 1298 854; baseline 0.001 -23"><span class='ocrx_word' id='word_1_16' title='bbox 224 772 261 831; x_wconf 87' lang='grc' dir='ltr'>τὰ</span> <span class='ocrx_word' id='word_1_17' title='bbox 289 766 357 852; x_wconf 85' lang='grc' dir='ltr'>ἱερὰ</span> <span class='ocrx_word' id='word_1_18' title='bbox 381 765 415 833; x_wconf 84' lang='grc' dir='ltr'>οί)</span> <span class='ocrx_word' id='word_1_19' title='bbox 438 770 540 832; x_wconf 90' lang='grc' dir='ltr'>θέλων</span> <span class='ocrx_word' id='word_1_20' title='bbox 564 764 652 831; x_wconf 74' lang='grc' dir='ltr'>αὐτὸν</span> <span class='ocrx_word' id='word_1_21' title='bbox 676 773 832 851; x_wconf 75' lang='grc' dir='ltr'>προσιέναι</span> <span class='ocrx_word' id='word_1_22' title='bbox 856 764 919 831; x_wconf 75' lang='grc' dir='ltr'>οὐδ’</span> <span class='ocrx_word' id='word_1_23' title='bbox 943 766 1129 854; x_wconf 81' lang='grc' dir='ltr'>ὁμόσπονδον</span> <span class='ocrx_word' id='word_1_24' title='bbox 1152 771 1298 847; x_wconf 89' lang='grc' dir='ltr'>γενέσθαι</span> 
     </span>
     <span class='ocr_line' id='line_1_5' title="bbox 225 871 1373 963; baseline 0.001 -24"><span class='ocrx_word' id='word_1_25' title='bbox 225 882 314 963; x_wconf 93' lang='grc' dir='ltr'>μήπω</span> <span class='ocrx_word' id='word_1_26' title='bbox 338 877 532 954; x_wconf 88' lang='grc' dir='ltr'>δικασθέντα,</span> <span class='ocrx_word' id='word_1_27' title='bbox 552 874 695 939; x_wconf 83' lang='grc' dir='ltr'>ἐκέλευσε</span> <span class='ocrx_word' id='word_1_28' title='bbox 719 871 958 962; x_wconf 83' lang='grc' dir='ltr'>συγκλεισθηναί</span> <span class='ocrx_word' id='word_1_29' title='bbox 974 898 1006 938; x_wconf 86' lang='grc' dir='ltr'>τε</span> <span class='ocrx_word' id='word_1_30' title='bbox 1022 877 1059 938; x_wconf 88' lang='grc' dir='ltr'>τά</span> <span class='ocrx_word' id='word_1_31' title='bbox 1076 872 1143 959; x_wconf 86' lang='grc' dir='ltr'>ἱερά</span> <span class='ocrx_word' id='word_1_32' title='bbox 1167 879 1220 939; x_wconf 88' lang='grc' dir='ltr'>καί</span> <span class='ocrx_word' id='word_1_33' title='bbox 1235 882 1298 962; x_wconf 88' lang='grc' dir='ltr'>χόοι</span> <span class='ocrx_word' id='word_1_34' title='bbox 1371 929 1373 932; x_wconf 92' lang='grc'>.</span> 
     </span>
    </p>
   </div>
   <div class='ocr_carea' id='block_1_3' title="bbox 206 979 1432 4179">
    <p class='ocr_par' dir='ltr' id='par_1_3' title="bbox 206 979 1432 4179">
     <span class='ocr_line' id='line_1_6' title="bbox 225 979 1297 1068; baseline 0 -21"><span class='ocrx_word' id='word_1_35' title='bbox 225 983 321 1063; x_wconf 42' lang='grc' dir='ltr'>οἴνου,</span> <span class='ocrx_word' id='word_1_36' title='bbox 341 981 458 1065; x_wconf 78' lang='grc' dir='ltr'>ἑκάστῳ</span> <span class='ocrx_word' id='word_1_37' title='bbox 486 985 709 1068; x_wconf 78' lang='grc' dir='ltr'>παρατεθῆναι,</span> <span class='ocrx_word' id='word_1_38' title='bbox 734 992 774 1066; x_wconf 86' lang='grc' dir='ltr'>τῳ</span> <span class='ocrx_word' id='word_1_39' title='bbox 797 985 904 1065; x_wconf 83' lang='grc' dir='ltr'>πρώτῳ</span> <span class='ocrx_word' id='word_1_40' title='bbox 929 980 1060 1046; x_wconf 80' lang='grc' dir='ltr'>ἐκπιόντι</span> <span class='ocrx_word' id='word_1_41' title='bbox 1083 979 1174 1046; x_wconf 89' lang='grc' dir='ltr'>είπών</span> <span class='ocrx_word' id='word_1_42' title='bbox 1198 980 1297 1047; x_wconf 85' lang='grc' dir='ltr'>ἆθλον</span> 
     </span>
     <span class='ocr_line' id='line_1_7' title="bbox 225 1090 1297 1176; baseline -0.001 -23"><span class='ocrx_word' id='word_1_43' title='bbox 225 1091 418 1176; x_wconf 88' lang='grc' dir='ltr'>δοθήσεσθαι</span> <span class='ocrx_word' id='word_1_44' title='bbox 442 1091 624 1154; x_wconf 80' lang='grc' dir='ltr'>πλακοῦντα.</span> <span class='ocrx_word' id='word_1_45' title='bbox 672 1090 856 1176; x_wconf 87' lang='grc' dir='ltr'>παρήγγειλέ</span> <span class='ocrx_word' id='word_1_46' title='bbox 880 1112 911 1153; x_wconf 89' lang='grc' dir='ltr'>τε</span> <span class='ocrx_word' id='word_1_47' title='bbox 932 1094 1053 1154; x_wconf 82' lang='grc' dir='ltr'>καὶτοῦ</span> <span class='ocrx_word' id='word_1_48' title='bbox 1070 1096 1297 1154; x_wconf 90' lang='grc' dir='ltr'>πότουπαυσα-</span> 
     </span>
     <span class='ocr_line' id='line_1_8' title="bbox 226 1194 1296 1285; baseline -0.002 -24"><span class='ocrx_word' id='word_1_49' title='bbox 226 1195 333 1282; x_wconf 81' lang='grc' dir='ltr'>μένους</span> <span class='ocrx_word' id='word_1_50' title='bbox 367 1200 436 1269; x_wconf 79' lang='grc' dir='ltr'>τους</span> <span class='ocrx_word' id='word_1_51' title='bbox 470 1202 524 1282; x_wconf 82' lang='grc' dir='ltr'>μέν</span> <span class='ocrx_word' id='word_1_52' title='bbox 556 1201 731 1284; x_wconf 77' lang='grc' dir='ltr'>στεφάνους,</span> <span class='ocrx_word' id='word_1_53' title='bbox 760 1194 805 1268; x_wconf 85' lang='grc' dir='ltr'>οἷς</span> <span class='ocrx_word' id='word_1_54' title='bbox 830 1194 1045 1285; x_wconf 80' lang='grc' dir='ltr'>ἐστεφάνωντο,</span> <span class='ocrx_word' id='word_1_55' title='bbox 1069 1194 1144 1282; x_wconf 85' lang='grc' dir='ltr'>πρὸς</span> <span class='ocrx_word' id='word_1_56' title='bbox 1167 1200 1204 1260; x_wconf 87' lang='grc' dir='ltr'>τὰ</span> <span class='ocrx_word' id='word_1_57' title='bbox 1229 1194 1296 1282; x_wconf 86' lang='grc' dir='ltr'>ἱερά</span> 
     </span>
     <span class='ocr_line' id='line_1_9' title="bbox 225 1302 1297 1392; baseline -0.001 -24"><span class='ocrx_word' id='word_1_58' title='bbox 225 1309 267 1390; x_wconf 88' lang='grc' dir='ltr'>μή</span> <span class='ocrx_word' id='word_1_59' title='bbox 302 1308 419 1368; x_wconf 90' lang='grc' dir='ltr'>τιθέναι</span> <span class='ocrx_word' id='word_1_60' title='bbox 447 1305 497 1367; x_wconf 88' lang='grc' dir='ltr'>διά</span> <span class='ocrx_word' id='word_1_61' title='bbox 521 1307 554 1367; x_wconf 88' lang='grc' dir='ltr'>τδ</span> <span class='ocrx_word' id='word_1_62' title='bbox 577 1302 749 1392; x_wconf 77' lang='grc' dir='ltr'>ὁμορόφους</span> <span class='ocrx_word' id='word_1_63' title='bbox 771 1302 917 1383; x_wconf 84' lang='grc' dir='ltr'>γενέσθαι</span> <span class='ocrx_word' id='word_1_64' title='bbox 941 1316 981 1388; x_wconf 89' lang='grc' dir='ltr'>τῳ</span> <span class='ocrx_word' id='word_1_65' title='bbox 1006 1302 1147 1390; x_wconf 87' lang='grc' dir='ltr'>Ὀρέστη,</span> <span class='ocrx_word' id='word_1_66' title='bbox 1171 1308 1239 1388; x_wconf 86' lang='grc' dir='ltr'>περί</span> <span class='ocrx_word' id='word_1_67' title='bbox 1263 1305 1297 1368; x_wconf 83' lang='grc' dir='ltr'>δὲ</span> 
     </span>
     <span class='ocr_line' id='line_1_10' title="bbox 226 1409 1296 1498; baseline 0.001 -25"><span class='ocrx_word' id='word_1_68' title='bbox 226 1415 273 1475; x_wconf 90' lang='grc' dir='ltr'>τὸν</span> <span class='ocrx_word' id='word_1_69' title='bbox 306 1419 369 1498; x_wconf 88' lang='grc' dir='ltr'>χόα</span> <span class='ocrx_word' id='word_1_70' title='bbox 403 1416 452 1476; x_wconf 81' lang='grc' dir='ltr'>τὸν</span> <span class='ocrx_word' id='word_1_71' title='bbox 481 1409 588 1474; x_wconf 78' lang='grc' dir='ltr'>ἑαυτοῦ</span> <span class='ocrx_word' id='word_1_72' title='bbox 617 1410 744 1475; x_wconf 79' lang='grc' dir='ltr'>ἕκαστον</span> <span class='ocrx_word' id='word_1_73' title='bbox 768 1414 939 1495; x_wconf 85' lang='grc' dir='ltr'>περιθεῖναι</span> <span class='ocrx_word' id='word_1_74' title='bbox 962 1415 1016 1475; x_wconf 92' lang='grc' dir='ltr'>καί</span> <span class='ocrx_word' id='word_1_75' title='bbox 1039 1423 1076 1496; x_wconf 84' lang='grc' dir='ltr'>τή</span> <span class='ocrx_word' id='word_1_76' title='bbox 1100 1409 1196 1495; x_wconf 82' lang='grc' dir='ltr'>ίερείορ</span> <span class='ocrx_word' id='word_1_77' title='bbox 1220 1410 1296 1474; x_wconf 88' lang='grc' dir='ltr'>ἀπο-</span> 
     </span>
     <span class='ocr_line' id='line_1_11' title="bbox 225 1517 1296 1606; baseline 0 -25"><span class='ocrx_word' id='word_1_78' title='bbox 225 1524 323 1606; x_wconf 89' lang='grc' dir='ltr'>φέρειν</span> <span class='ocrx_word' id='word_1_79' title='bbox 359 1521 428 1590; x_wconf 85' lang='grc' dir='ltr'>τσδς</span> <span class='ocrx_word' id='word_1_80' title='bbox 462 1524 628 1605; x_wconf 84' lang='grc' dir='ltr'>στεφάνους</span> <span class='ocrx_word' id='word_1_81' title='bbox 662 1521 737 1601; x_wconf 85' lang='grc' dir='ltr'>πρὸς</span> <span class='ocrx_word' id='word_1_82' title='bbox 764 1522 801 1581; x_wconf 76' lang='grc' dir='ltr'>τὸ·</span> <span class='ocrx_word' id='word_1_83' title='bbox 822 1517 852 1581; x_wconf 80' lang='grc' dir='ltr'>ἐν</span> <span class='ocrx_word' id='word_1_84' title='bbox 877 1517 1011 1604; x_wconf 81' lang='grc' dir='ltr'>Λίμναις</span> <span class='ocrx_word' id='word_1_85' title='bbox 1034 1525 1167 1605; x_wconf 87' lang='grc' dir='ltr'>τέμενος,</span> <span class='ocrx_word' id='word_1_86' title='bbox 1192 1518 1296 1582; x_wconf 80' lang='grc' dir='ltr'>ἔπειτα</span> 
     </span>
     <span class='ocr_line' id='line_1_12' title="bbox 223 1623 1295 1713; baseline 0.001 -25"><span class='ocrx_word' id='word_1_87' title='bbox 223 1628 309 1688; x_wconf 87' lang='grc' dir='ltr'>θόειν</span> <span class='ocrx_word' id='word_1_88' title='bbox 337 1625 367 1689; x_wconf 78' lang='grc' dir='ltr'>ἐν</span> <span class='ocrx_word' id='word_1_89' title='bbox 391 1637 432 1710; x_wconf 88' lang='grc' dir='ltr'>τῳ</span> <span class='ocrx_word' id='word_1_90' title='bbox 456 1623 525 1708; x_wconf 82' lang='grc' dir='ltr'>ἱερῷ</span> <span class='ocrx_word' id='word_1_91' title='bbox 549 1628 586 1688; x_wconf 88' lang='grc' dir='ltr'>τὰ</span> <span class='ocrx_word' id='word_1_92' title='bbox 610 1624 761 1693; x_wconf 82' lang='grc' dir='ltr'>ἐπίλοιπα.</span> <span class='ocrx_word' id='word_1_93' title='bbox 808 1629 862 1688; x_wconf 90' lang='grc' dir='ltr'>καί</span> <span class='ocrx_word' id='word_1_94' title='bbox 887 1625 989 1690; x_wconf 80' lang='grc' dir='ltr'>ἔκτοτε</span> <span class='ocrx_word' id='word_1_95' title='bbox 1013 1631 1065 1713; x_wconf 81' lang='grc' dir='ltr'>τήν</span> <span class='ocrx_word' id='word_1_96' title='bbox 1090 1624 1194 1713; x_wconf 80' lang='grc' dir='ltr'>ἑορτήν</span> <span class='ocrx_word' id='word_1_97' title='bbox 1217 1627 1295 1712; x_wconf 93' lang='grc' dir='ltr'>κλη-</span> 
     </span>
     <span class='ocr_line' id='line_1_13' title="bbox 223 1730 1295 1821; baseline 0.002 -26"><span class='ocrx_word' id='word_1_98' title='bbox 223 1734 317 1818; x_wconf 86' lang='grc' dir='ltr'>θηνοιι</span> <span class='ocrx_word' id='word_1_99' title='bbox 342 1730 437 1803; x_wconf 85' lang='grc' dir='ltr'>Χόας.</span> <span class='ocrx_word' id='word_1_100' title='bbox 471 1743 507 1816; x_wconf 77' lang='grc' dir='ltr'>τη</span> <span class='ocrx_word' id='word_1_101' title='bbox 524 1733 556 1796; x_wconf 84' lang='grc' dir='ltr'>δέ</span> <span class='ocrx_word' id='word_1_102' title='bbox 573 1730 662 1816; x_wconf 81' lang='grc' dir='ltr'>ἑορτή</span> <span class='ocrx_word' id='word_1_103' title='bbox 679 1743 734 1795; x_wconf 91' lang='grc' dir='ltr'>τῶν</span> <span class='ocrx_word' id='word_1_104' title='bbox 751 1732 843 1797; x_wconf 88' lang='grc' dir='ltr'>Χοῶν</span> <span class='ocrx_word' id='word_1_105' title='bbox 860 1732 935 1805; x_wconf 81' lang='grc' dir='ltr'>’έθος</span> <span class='ocrx_word' id='word_1_106' title='bbox 952 1732 1030 1797; x_wconf 78' lang='grc' dir='ltr'>ἐστίν</span> <span class='ocrx_word' id='word_1_107' title='bbox 1048 1732 1202 1821; x_wconf 84' lang='grc' dir='ltr'>Ἀθήνησι</span> <span class='ocrx_word' id='word_1_108' title='bbox 1218 1731 1295 1819; x_wconf 81' lang='grc' dir='ltr'>πέμ-</span> 
     </span>
     <span class='ocr_line' id='line_1_14' title="bbox 206 1837 1295 1928; baseline 0.002 -27"><span class='ocrx_word' id='word_1_109' title='bbox 206 1841 339 1901; x_wconf 62' lang='grc' dir='ltr'>τπεσθαι</span> <span class='ocrx_word' id='word_1_110' title='bbox 372 1839 453 1923; x_wconf 88' lang='grc' dir='ltr'>δῶρά</span> <span class='ocrx_word' id='word_1_111' title='bbox 476 1863 507 1903; x_wconf 88' lang='grc' dir='ltr'>τε</span> <span class='ocrx_word' id='word_1_112' title='bbox 531 1843 585 1903; x_wconf 90' lang='grc' dir='ltr'>κοιί</span> <span class='ocrx_word' id='word_1_113' title='bbox 608 1842 678 1911; x_wconf 81' lang='grc' dir='ltr'>τοὺς</span> <span class='ocrx_word' id='word_1_114' title='bbox 701 1842 832 1924; x_wconf 87' lang='grc' dir='ltr'>μισθοὺς</span> <span class='ocrx_word' id='word_1_115' title='bbox 856 1850 918 1912; x_wconf 88' lang='grc' dir='ltr'>τοῖς</span> <span class='ocrx_word' id='word_1_116' title='bbox 942 1851 1109 1928; x_wconf 79' lang='grc' dir='ltr'>σοφισταῖς,</span> <span class='ocrx_word' id='word_1_117' title='bbox 1134 1837 1219 1923; x_wconf 81' lang='grc' dir='ltr'>οἵπερ</span> <span class='ocrx_word' id='word_1_118' title='bbox 1241 1844 1295 1903; x_wconf 92' lang='grc' dir='ltr'>καί</span> 
     </span>
     <span class='ocr_line' id='line_1_15' title="bbox 223 1941 1293 2035; baseline 0.003 -28"><span class='ocrx_word' id='word_1_119' title='bbox 223 1941 307 2008; x_wconf 83' lang='grc' dir='ltr'>αώτοί</span> <span class='ocrx_word' id='word_1_120' title='bbox 331 1949 514 2011; x_wconf 88' lang='grc' dir='ltr'>συνεκάλουν</span> <span class='ocrx_word' id='word_1_121' title='bbox 539 1946 587 2011; x_wconf 85' lang='grc' dir='ltr'>έπί</span> <span class='ocrx_word' id='word_1_122' title='bbox 611 1951 693 2021; x_wconf 75' lang='grc' dir='ltr'>ξένια</span> <span class='ocrx_word' id='word_1_123' title='bbox 716 1949 785 2018; x_wconf 85' lang='grc' dir='ltr'>τοὺς</span> <span class='ocrx_word' id='word_1_124' title='bbox 808 1943 985 2033; x_wconf 71' lang='grc' dir='ltr'>γνωρίμους,</span> <span class='ocrx_word' id='word_1_125' title='bbox 1010 1944 1052 2020; x_wconf 88' lang='grc' dir='ltr'>ώς</span> <span class='ocrx_word' id='word_1_126' title='bbox 1072 1969 1161 2035; x_wconf 88' lang='grc' dir='ltr'>φησιν</span> <span class='ocrx_word' id='word_1_127' title='bbox 1177 1943 1293 2029; x_wconf 81' lang='grc' dir='ltr'>Εόβου-</span> 
     </span>
     <span class='ocr_line' id='line_1_16' title="bbox 223 2050 1114 2139; baseline 0.008 -25"><span class='ocrx_word' id='word_1_128' title='bbox 223 2052 311 2138; x_wconf 90' lang='grc' dir='ltr'>λίδης</span> <span class='ocrx_word' id='word_1_129' title='bbox 334 2050 350 2117; x_wconf 85' lang='grc' dir='ltr'>ὁ</span> <span class='ocrx_word' id='word_1_130' title='bbox 374 2054 565 2126; x_wconf 87' lang='grc' dir='ltr'>διαλεκτικὸς</span> <span class='ocrx_word' id='word_1_131' title='bbox 589 2053 619 2118; x_wconf 85' lang='grc' dir='ltr'>έν</span> <span class='ocrx_word' id='word_1_132' title='bbox 644 2054 775 2139; x_wconf 90' lang='grc' dir='ltr'>δράματι</span> <span class='ocrx_word' id='word_1_133' title='bbox 799 2052 988 2139; x_wconf 87' lang='grc' dir='ltr'>Κωμασταῖς</span> <span class='ocrx_word' id='word_1_134' title='bbox 1011 2051 1114 2127; x_wconf 72' lang='grc' dir='ltr'>οὕτως.</span> 
     </span>
     <span class='ocr_line' id='line_1_17' title="bbox 330 2161 926 2247; baseline 0.005 -25"><span class='ocrx_word' id='word_1_135' title='bbox 330 2173 496 2247; x_wconf 81' lang='grc' dir='ltr'>σοφιστιόρς,</span> <span class='ocrx_word' id='word_1_136' title='bbox 520 2166 655 2240; x_wconf 92' lang='grc' dir='ltr'>κάκιστε,</span> <span class='ocrx_word' id='word_1_137' title='bbox 679 2164 733 2224; x_wconf 90' lang='grc' dir='ltr'>καί</span> <span class='ocrx_word' id='word_1_138' title='bbox 755 2161 847 2226; x_wconf 88' lang='grc' dir='ltr'>Χοῶν</span> <span class='ocrx_word' id='word_1_139' title='bbox 872 2162 926 2246; x_wconf 89' lang='grc' dir='ltr'>δέη</span> 
     </span>
     <span class='ocr_line' id='line_1_18' title="bbox 330 2264 1051 2357; baseline 0.008 -30"><span class='ocrx_word' id='word_1_140' title='bbox 330 2277 386 2331; x_wconf 91' lang='grc' dir='ltr'>τῶν</span> <span class='ocrx_word' id='word_1_141' title='bbox 410 2269 619 2353; x_wconf 76' lang='grc' dir='ltr'>μισθοδώρων,</span> <span class='ocrx_word' id='word_1_142' title='bbox 643 2264 698 2332; x_wconf 81' lang='grc' dir='ltr'>οίνκ</span> <span class='ocrx_word' id='word_1_143' title='bbox 721 2267 867 2332; x_wconf 85' lang='grc' dir='ltr'>ἀδείπνων</span> <span class='ocrx_word' id='word_1_144' title='bbox 892 2267 923 2333; x_wconf 83' lang='grc' dir='ltr'>ἐν</span> <span class='ocrx_word' id='word_1_145' title='bbox 946 2278 1051 2357; x_wconf 81' lang='grc' dir='ltr'>τρυφή.</span> 
     </span>
     <span class='ocr_line' id='line_1_19' title="bbox 328 2375 1408 2461; baseline 0.004 -23"><span class='ocrx_word' id='word_1_146' title='bbox 328 2378 516 2440; x_wconf 81' lang='lat' dir='ltr'><strong>Plutarchus</strong></span> <span class='ocrx_word' id='word_1_147' title='bbox 532 2379 650 2451; x_wconf 79' lang='lat' dir='ltr'><strong>Quaest.</strong></span> <span class='ocrx_word' id='word_1_148' title='bbox 667 2399 771 2459; x_wconf 86' lang='lat' dir='ltr'><strong>symp.</strong></span> <span class='ocrx_word' id='word_1_149' title='bbox 789 2381 832 2455; x_wconf 89' lang='grc' dir='ltr'>Π,</span> <span class='ocrx_word' id='word_1_150' title='bbox 852 2380 903 2454; x_wconf 90' lang='grc'>10,</span> <span class='ocrx_word' id='word_1_151' title='bbox 918 2391 932 2441; x_wconf 90' lang='grc'>1</span> <span class='ocrx_word' id='word_1_152' title='bbox 950 2406 992 2432; x_wconf 85' lang='grc'>--</span> <span class='ocrx_word' id='word_1_153' title='bbox 1008 2401 1039 2460; x_wconf 93' lang='lat' dir='ltr'>p.</span> <span class='ocrx_word' id='word_1_154' title='bbox 1059 2380 1123 2441; x_wconf 82' lang='lat'>643</span> <span class='ocrx_word' id='word_1_155' title='bbox 1140 2381 1169 2441; x_wconf 89' lang='lat' dir='ltr'>A</span> <span class='ocrx_word' id='word_1_156' title='bbox 1180 2381 1222 2460; x_wconf 84' lang='lat' dir='ltr'>(p.</span> <span class='ocrx_word' id='word_1_157' title='bbox 1238 2375 1291 2461; x_wconf 90' lang='grc'>55)</span> <span class='ocrx_word' id='word_1_158' title='bbox 1310 2399 1408 2452; x_wconf 72' lang='lat' dir='ltr'>Lm</span> 
     </span>
     <span class='ocr_line' id='line_1_20' title="bbox 328 2481 1291 2569; baseline 0.002 -26"><span class='ocrx_word' id='word_1_159' title='bbox 328 2486 427 2544; x_wconf 89' lang='grc' dir='ltr'>καίτοι</span> <span class='ocrx_word' id='word_1_160' title='bbox 461 2482 513 2545; x_wconf 82' lang='grc' dir='ltr'>τίν’</span> <span class='ocrx_word' id='word_1_161' title='bbox 551 2481 618 2566; x_wconf 79' lang='grc' dir='ltr'>ἔχει</span> <span class='ocrx_word' id='word_1_162' title='bbox 653 2483 801 2569; x_wconf 87' lang='grc' dir='ltr'>διαφοράν</span> <span class='ocrx_word' id='word_1_163' title='bbox 835 2481 855 2569; x_wconf 80' lang='grc' dir='ltr'>ἢ</span> <span class='ocrx_word' id='word_1_164' title='bbox 890 2484 1003 2547; x_wconf 85' lang='grc' dir='ltr'>κόλικα</span> <span class='ocrx_word' id='word_1_165' title='bbox 1037 2486 1212 2548; x_wconf 88' lang='grc' dir='ltr'>καταθέντα</span> <span class='ocrx_word' id='word_1_166' title='bbox 1235 2494 1291 2546; x_wconf 88' lang='grc' dir='ltr'>τῶν</span> 
     </span>
     <span class='ocr_line' id='line_1_21' title="bbox 220 2585 1290 2677; baseline 0.001 -25"><span class='ocrx_word' id='word_1_167' title='bbox 220 2586 416 2674; x_wconf 82' lang='grc' dir='ltr'>κεκλημένων</span> <span class='ocrx_word' id='word_1_168' title='bbox 444 2585 562 2670; x_wconf 80' lang='grc' dir='ltr'>ἑκάστῳ</span> <span class='ocrx_word' id='word_1_169' title='bbox 584 2592 637 2652; x_wconf 87' lang='grc' dir='ltr'>καί</span> <span class='ocrx_word' id='word_1_170' title='bbox 661 2598 745 2673; x_wconf 83' lang='grc' dir='ltr'>χοῶν,</span> <span class='ocrx_word' id='word_1_171' title='bbox 771 2588 1004 2677; x_wconf 77' lang='grc' dir='ltr'>ἐμπλησάμενον</span> <span class='ocrx_word' id='word_1_172' title='bbox 1028 2589 1117 2665; x_wconf 83' lang='grc' dir='ltr'>οἴνου,</span> <span class='ocrx_word' id='word_1_173' title='bbox 1141 2594 1195 2653; x_wconf 88' lang='grc' dir='ltr'>καί</span> <span class='ocrx_word' id='word_1_174' title='bbox 1218 2596 1290 2674; x_wconf 91' lang='grc' dir='ltr'>τρά-</span> 
     </span>
     <span class='ocr_line' id='line_1_22' title="bbox 221 2685 1375 2784; baseline 0.001 -26"><span class='ocrx_word' id='word_1_175' title='bbox 221 2699 312 2768; x_wconf 70' lang='grc' dir='ltr'>πεζαν</span> <span class='ocrx_word' id='word_1_176' title='bbox 346 2692 425 2758; x_wconf 91' lang='grc' dir='ltr'>ίδίαν</span> <span class='ocrx_word' id='word_1_177' title='bbox 460 2692 560 2779; x_wconf 86' lang='grc' dir='ltr'>ώσπερ</span> <span class='ocrx_word' id='word_1_178' title='bbox 596 2693 624 2759; x_wconf 88' lang='grc' dir='ltr'>οί</span> <span class='ocrx_word' id='word_1_179' title='bbox 658 2695 890 2784; x_wconf 83' lang='grc' dir='ltr'>Δημοφωντίδαι</span> <span class='ocrx_word' id='word_1_180' title='bbox 926 2709 964 2780; x_wconf 86' lang='grc' dir='ltr'>τῳ</span> <span class='ocrx_word' id='word_1_181' title='bbox 989 2696 1118 2781; x_wconf 83' lang='grc' dir='ltr'>Ὀρέστη</span> <span class='ocrx_word' id='word_1_182' title='bbox 1142 2702 1289 2777; x_wconf 85' lang='grc' dir='ltr'>λέγονται,</span> <span class='ocrx_word' id='word_1_183' title='bbox 1374 2685 1375 2690; x_wconf 27' lang='lat'>¹</span> 
     </span>
     <span class='ocr_line' id='line_1_23' title="bbox 222 2783 1420 2889; baseline 0.003 -24"><span class='ocrx_word' id='word_1_184' title='bbox 222 2807 314 2866; x_wconf 84' lang='grc' dir='ltr'>πίνειν</span> <span class='ocrx_word' id='word_1_185' title='bbox 337 2804 483 2866; x_wconf 81' lang='grc' dir='ltr'>κελεῦσαι</span> <span class='ocrx_word' id='word_1_186' title='bbox 507 2807 548 2889; x_wconf 85' lang='grc' dir='ltr'>μή</span> <span class='ocrx_word' id='word_1_187' title='bbox 572 2808 762 2887; x_wconf 82' lang='grc' dir='ltr'>προσέχοντα</span> <span class='ocrx_word' id='word_1_188' title='bbox 785 2814 848 2875; x_wconf 84' lang='grc' dir='ltr'>τοῖς</span> <span class='ocrx_word' id='word_1_189' title='bbox 872 2803 988 2876; x_wconf 82' lang='grc' dir='ltr'>ἄλλοις.</span> <span class='ocrx_word' id='word_1_190' title='bbox 1417 2783 1420 2790; x_wconf 81' lang='lat'><em>,</em></span> 
     </span>
     <span class='ocr_line' id='line_1_24' title="bbox 326 2913 1420 2995; baseline 0.002 -19"><span class='ocrx_word' id='word_1_191' title='bbox 326 2913 491 2976; x_wconf 79' lang='lat' dir='ltr'>Scholium</span> <span class='ocrx_word' id='word_1_192' title='bbox 515 2915 634 2975; x_wconf 64' lang='lat' dir='ltr'><strong>Tzesszae</strong></span> <span class='ocrx_word' id='word_1_193' title='bbox 657 2914 696 2974; x_wconf 84' lang='lat' dir='ltr'>ad</span> <span class='ocrx_word' id='word_1_194' title='bbox 722 2915 878 2994; x_wconf 83' lang='lat' dir='ltr'><strong>Lycophr.</strong></span> <span class='ocrx_word' id='word_1_195' title='bbox 907 2916 991 2977; x_wconf 81' lang='lat'>1374</span> <span class='ocrx_word' id='word_1_196' title='bbox 1014 2916 1057 2995; x_wconf 86' lang='lat' dir='ltr'>(p.</span> <span class='ocrx_word' id='word_1_197' title='bbox 1083 2916 1137 2993; x_wconf 83' lang='lat'>55)</span> <span class='ocrx_word' id='word_1_198' title='bbox 1309 2934 1420 2986; x_wconf 76' lang='lat' dir='ltr'>LXXII</span> 
     </span>
     <span class='ocr_line' id='line_1_25' title="bbox 328 3015 1289 3105; baseline 0 -24"><span class='ocrx_word' id='word_1_199' title='bbox 328 3015 476 3104; x_wconf 81' lang='grc' dir='ltr'>Ὀρέστης</span> <span class='ocrx_word' id='word_1_200' title='bbox 493 3020 569 3102; x_wconf 88' lang='grc' dir='ltr'>μετά</span> <span class='ocrx_word' id='word_1_201' title='bbox 585 3015 618 3080; x_wconf 88' lang='grc' dir='ltr'>τὸ</span> <span class='ocrx_word' id='word_1_202' title='bbox 635 3015 753 3081; x_wconf 87' lang='grc' dir='ltr'>ἀνελεῖν</span> <span class='ocrx_word' id='word_1_203' title='bbox 770 3018 920 3097; x_wconf 81' lang='grc' dir='ltr'>Αἴγισθον</span> <span class='ocrx_word' id='word_1_204' title='bbox 936 3023 989 3082; x_wconf 90' lang='grc' dir='ltr'>κοιί</span> <span class='ocrx_word' id='word_1_205' title='bbox 1005 3017 1289 3105; x_wconf 76' lang='grc' dir='ltr'>Κλυταιμνήστραν,</span> 
     </span>
     <span class='ocr_line' id='line_1_26' title="bbox 220 3122 1288 3212; baseline 0.005 -28"><span class='ocrx_word' id='word_1_206' title='bbox 220 3122 402 3209; x_wconf 88' lang='grc' dir='ltr'>διωκόμενος</span> <span class='ocrx_word' id='word_1_207' title='bbox 436 3122 483 3189; x_wconf 74' lang='grc' dir='ltr'>ὑπ’</span> <span class='ocrx_word' id='word_1_208' title='bbox 522 3124 678 3207; x_wconf 82' lang='grc' dir='ltr'>Ἐριννόων</span> <span class='ocrx_word' id='word_1_209' title='bbox 714 3128 816 3212; x_wconf 85' lang='grc' dir='ltr'>φεόγει</span> <span class='ocrx_word' id='word_1_210' title='bbox 851 3130 926 3209; x_wconf 84' lang='grc' dir='ltr'>πρὸς</span> <span class='ocrx_word' id='word_1_211' title='bbox 953 3125 1095 3212; x_wconf 81' lang='grc' dir='ltr'>Ἀθήνας</span> <span class='ocrx_word' id='word_1_212' title='bbox 1119 3124 1149 3189; x_wconf 86' lang='grc' dir='ltr'>έν</span> <span class='ocrx_word' id='word_1_213' title='bbox 1173 3136 1209 3210; x_wconf 78' lang='grc' dir='ltr'>τη</span> <span class='ocrx_word' id='word_1_214' title='bbox 1232 3136 1288 3189; x_wconf 89' lang='grc' dir='ltr'>τῶν</span> 
     </span>
     <span class='ocr_line' id='line_1_27' title="bbox 221 3229 1289 3321; baseline 0.004 -30"><span class='ocrx_word' id='word_1_215' title='bbox 221 3230 448 3317; x_wconf 88' lang='grc' dir='ltr'>Ἀνθεστηρίων</span> <span class='ocrx_word' id='word_1_216' title='bbox 483 3229 583 3316; x_wconf 81' lang='grc' dir='ltr'>ἑορτή,</span> <span class='ocrx_word' id='word_1_217' title='bbox 608 3234 822 3315; x_wconf 81' lang='grc' dir='ltr'>βασιλευοντυς</span> <span class='ocrx_word' id='word_1_218' title='bbox 845 3233 1057 3321; x_wconf 83' lang='grc' dir='ltr'>Δημοφῶντος,</span> <span class='ocrx_word' id='word_1_219' title='bbox 1080 3236 1133 3297; x_wconf 92' lang='grc' dir='ltr'>καί</span> <span class='ocrx_word' id='word_1_220' title='bbox 1156 3236 1289 3316; x_wconf 86' lang='grc' dir='ltr'>κρίνεται</span> 
     </span>
     <span class='ocr_line' id='line_1_28' title="bbox 221 3334 505 3422; baseline 0.018 -25"><span class='ocrx_word' id='word_1_221' title='bbox 221 3334 252 3398; x_wconf 83' lang='grc' dir='ltr'>έν</span> <span class='ocrx_word' id='word_1_222' title='bbox 275 3335 388 3421; x_wconf 83' lang='grc' dir='ltr'>Ἀρείῳ</span> <span class='ocrx_word' id='word_1_223' title='bbox 410 3344 505 3422; x_wconf 93' lang='grc' dir='ltr'>πάγῳ.</span> 
     </span>
     <span class='ocr_line' id='line_1_29' title="bbox 325 3447 1432 3532; baseline 0.003 -23"><span class='ocrx_word' id='word_1_224' title='bbox 325 3448 512 3512; x_wconf 82' lang='lat' dir='ltr'>Plutarchus</span> <span class='ocrx_word' id='word_1_225' title='bbox 536 3450 653 3523; x_wconf 59' lang='grc' dir='ltr'>(δοκεῖ.</span> <span class='ocrx_word' id='word_1_226' title='bbox 679 3469 782 3530; x_wconf 80' lang='lat' dir='ltr'>symp.</span> <span class='ocrx_word' id='word_1_227' title='bbox 808 3450 834 3525; x_wconf 90' lang='grc' dir='ltr'>Ι,</span> <span class='ocrx_word' id='word_1_228' title='bbox 861 3451 920 3525; x_wconf 81' lang='lat'>1‚2</span> <span class='ocrx_word' id='word_1_229' title='bbox 941 3475 982 3502; x_wconf 91' lang='lat'><em>=</em></span> <span class='ocrx_word' id='word_1_230' title='bbox 1000 3472 1031 3531; x_wconf 93' lang='lat' dir='ltr'>p.</span> <span class='ocrx_word' id='word_1_231' title='bbox 1050 3451 1113 3513; x_wconf 78' lang='lat'>613</span> <span class='ocrx_word' id='word_1_232' title='bbox 1130 3452 1156 3512; x_wconf 94' lang='grc' dir='ltr'><strong><em>Β</em></strong></span> <span class='ocrx_word' id='word_1_233' title='bbox 1171 3451 1213 3530; x_wconf 90' lang='lat' dir='ltr'>(p.</span> <span class='ocrx_word' id='word_1_234' title='bbox 1232 3447 1285 3532; x_wconf 85' lang='lat'>55)</span> <span class='ocrx_word' id='word_1_235' title='bbox 1304 3467 1432 3521; x_wconf 79' lang='lat' dir='ltr'><strong>Lxxm</strong></span> 
     </span>
     <span class='ocr_line' id='line_1_30' title="bbox 325 3549 1287 3640; baseline 0.004 -27"><span class='ocrx_word' id='word_1_236' title='bbox 325 3549 352 3614; x_wconf 91' lang='grc' dir='ltr'>εί</span> <span class='ocrx_word' id='word_1_237' title='bbox 382 3557 437 3638; x_wconf 86' lang='grc' dir='ltr'>μὲν</span> <span class='ocrx_word' id='word_1_238' title='bbox 466 3552 526 3628; x_wconf 76' lang='grc' dir='ltr'>οὖν,</span> <span class='ocrx_word' id='word_1_239' title='bbox 557 3551 659 3638; x_wconf 89' lang='grc' dir='ltr'>ώσπερ</span> <span class='ocrx_word' id='word_1_240' title='bbox 689 3551 718 3618; x_wconf 87' lang='grc' dir='ltr'>οί</span> <span class='ocrx_word' id='word_1_241' title='bbox 745 3557 794 3618; x_wconf 85' lang='grc' dir='ltr'>τόν</span> <span class='ocrx_word' id='word_1_242' title='bbox 819 3551 965 3640; x_wconf 84' lang='grc' dir='ltr'>Ὀρέστην</span> <span class='ocrx_word' id='word_1_243' title='bbox 989 3553 1153 3636; x_wconf 80' lang='grc' dir='ltr'>ἑστιῶντες,</span> <span class='ocrx_word' id='word_1_244' title='bbox 1177 3553 1208 3618; x_wconf 80' lang='grc' dir='ltr'>ἐν</span> <span class='ocrx_word' id='word_1_245' title='bbox 1231 3556 1287 3617; x_wconf 90' lang='grc' dir='ltr'>θε-</span> 
     </span>
     <span class='ocr_line' id='line_1_31' title="bbox 218 3656 1286 3748; baseline 0.003 -28"><span class='ocrx_word' id='word_1_246' title='bbox 218 3656 388 3743; x_wconf 88' lang='grc' dir='ltr'>σμοθετείῳ</span> <span class='ocrx_word' id='word_1_247' title='bbox 421 3671 518 3745; x_wconf 83' lang='grc' dir='ltr'>σιωπή</span> <span class='ocrx_word' id='word_1_248' title='bbox 549 3666 670 3744; x_wconf 84' lang='grc' dir='ltr'>τρώγειν</span> <span class='ocrx_word' id='word_1_249' title='bbox 692 3664 746 3725; x_wconf 89' lang='grc' dir='ltr'>καί</span> <span class='ocrx_word' id='word_1_250' title='bbox 769 3665 863 3724; x_wconf 92' lang='grc' dir='ltr'>πίνειν</span> <span class='ocrx_word' id='word_1_251' title='bbox 887 3658 1067 3747; x_wconf 78' lang='grc' dir='ltr'>ἐμέλλομεν,</span> <span class='ocrx_word' id='word_1_252' title='bbox 1090 3659 1127 3748; x_wconf 79' lang='grc' dir='ltr'>ἠν</span> <span class='ocrx_word' id='word_1_253' title='bbox 1151 3684 1177 3724; x_wconf 89' lang='grc' dir='ltr'>τι</span> <span class='ocrx_word' id='word_1_254' title='bbox 1201 3670 1286 3726; x_wconf 81' lang='grc' dir='ltr'>τουτο</span> 
     </span>
     <span class='ocr_line' id='line_1_32' title="bbox 217 3763 876 3854; baseline 0.008 -26"><span class='ocrx_word' id='word_1_255' title='bbox 217 3776 270 3852; x_wconf 80' lang='grc' dir='ltr'>της</span> <span class='ocrx_word' id='word_1_256' title='bbox 293 3764 435 3852; x_wconf 84' lang='grc' dir='ltr'>ἀμαθίας</span> <span class='ocrx_word' id='word_1_257' title='bbox 458 3763 513 3829; x_wconf 74' lang='grc' dir='ltr'>οὐκ</span> <span class='ocrx_word' id='word_1_258' title='bbox 536 3767 649 3853; x_wconf 85' lang='grc' dir='ltr'>ἀτυχὲς</span> <span class='ocrx_word' id='word_1_259' title='bbox 672 3770 876 3854; x_wconf 84' lang='grc' dir='ltr'>παραμώθιυν.</span> 
     </span>
     <span class='ocr_line' id='line_1_33' title="bbox 430 3877 738 3942; baseline 0.019 -6"><span class='ocrx_word' id='word_1_260' title='bbox 430 3877 502 3937; x_wconf 85' lang='lat' dir='ltr'><strong>Alia</strong></span> <span class='ocrx_word' id='word_1_261' title='bbox 524 3878 564 3939; x_wconf 83' lang='lat' dir='ltr'>de</span> <span class='ocrx_word' id='word_1_262' title='bbox 587 3879 738 3942; x_wconf 79' lang='lat' dir='ltr'><strong>choibus.</strong></span> 
     </span>
     <span class='ocr_line' id='line_1_34' title="bbox 323 3983 1428 4069; baseline 0.013 -26"><span class='ocrx_word' id='word_1_263' title='bbox 323 3984 496 4045; x_wconf 81' lang='lat' dir='ltr'>Athenaeus</span> <span class='ocrx_word' id='word_1_264' title='bbox 520 3984 567 4045; x_wconf 94' lang='lat' dir='ltr'>XI</span> <span class='ocrx_word' id='word_1_265' title='bbox 590 4005 621 4065; x_wconf 93' lang='lat' dir='ltr'>p.</span> <span class='ocrx_word' id='word_1_266' title='bbox 647 3988 711 4047; x_wconf 82' lang='grc'>464</span> <span class='ocrx_word' id='word_1_267' title='bbox 735 3988 760 4047; x_wconf 80' lang='lat' dir='ltr'>F</span> <span class='ocrx_word' id='word_1_268' title='bbox 784 4007 830 4066; x_wconf 83' lang='lat' dir='ltr'>sq.</span> <span class='ocrx_word' id='word_1_269' title='bbox 856 3984 898 4069; x_wconf 83' lang='lat' dir='ltr'>(p.</span> <span class='ocrx_word' id='word_1_270' title='bbox 924 3987 965 4048; x_wconf 83' lang='lat'>63</span> <span class='ocrx_word' id='word_1_271' title='bbox 990 4004 1047 4065; x_wconf 65' lang='lat' dir='ltr'>sq„</span> <span class='ocrx_word' id='word_1_272' title='bbox 1075 3983 1148 4069; x_wconf 80' lang='lat'><strong>123)</strong></span> <span class='ocrx_word' id='word_1_273' title='bbox 1305 4003 1428 4057; x_wconf 85' lang='lat' dir='ltr'>LXXIV</span> 
     </span>
     <span class='ocr_line' id='line_1_35' title="bbox 326 4083 1285 4179; baseline 0.007 -33"><span class='ocrx_word' id='word_1_274' title='bbox 326 4083 511 4173; x_wconf 86' lang='grc' dir='ltr'>Φανόδημος</span> <span class='ocrx_word' id='word_1_275' title='bbox 536 4087 568 4150; x_wconf 87' lang='grc' dir='ltr'>δὲ</span> <span class='ocrx_word' id='word_1_276' title='bbox 591 4092 666 4171; x_wconf 82' lang='grc' dir='ltr'>πρὸς</span> <span class='ocrx_word' id='word_1_277' title='bbox 689 4101 729 4173; x_wconf 83' lang='grc' dir='ltr'>τῳ</span> <span class='ocrx_word' id='word_1_278' title='bbox 753 4090 824 4175; x_wconf 84' lang='grc' dir='ltr'>ίερῳ</span> <span class='ocrx_word' id='word_1_279' title='bbox 848 4113 921 4179; x_wconf 92' lang='grc' dir='ltr'>φησι</span> <span class='ocrx_word' id='word_1_280' title='bbox 944 4100 995 4154; x_wconf 84' lang='grc' dir='ltr'>του</span> <span class='ocrx_word' id='word_1_281' title='bbox 1019 4090 1049 4155; x_wconf 80' lang='grc' dir='ltr'>ἐν</span> <span class='ocrx_word' id='word_1_282' title='bbox 1065 4090 1199 4177; x_wconf 85' lang='grc' dir='ltr'>Λίμναις</span> <span class='ocrx_word' id='word_1_283' title='bbox 1214 4090 1285 4154; x_wconf 91' lang='grc' dir='ltr'>Διο-</span> 
     </span>
    </p>
   </div>
   <div class='ocr_carea' id='block_1_4' title="bbox 0 0 1618 5034">
    <p class='ocr_par' dir='ltr' id='par_1_4' title="bbox 0 0 1618 5034">
     <span class='ocr_line' id='line_1_36' title="bbox 0 0 1618 5034; baseline 0 2"><span class='ocrx_word' id='word_1_284' title='bbox 0 0 1618 5034; x_wconf 95' lang='lat' dir='ltr'> </span> 
     </span>
    </p>
   </div>
  </div>
 </body>
</html>
