3225 5034
758 341 960 405 -154-

324 517 413 580 νόσοι)
447 511 480 580 τὸ
513 516 642 597 γλεῶκος
677 522 823 605 φέροντας
850 519 920 589 τοὺς
944 516 1134 604 Ἀθηναίοις
1157 516 1192 582 ἐκ
1215 528 1270 582 τῶν
1293 516 1392 583 πίθων

324 634 364 707 τῷ
398 626 464 707 θεῷ
501 628 649 709 κιρνάναι,
685 621 747 688 εἶθ’
772 621 875 696 αὑτοῖς
897 627 1136 713 προσφέρεσθαι·
1161 623 1235 690 ὅθεν
1259 630 1310 689 καὶ
1333 625 1393 689 Λι-

324 741 430 817 μναῖον
452 733 609 818 κληθῆναι
632 734 681 794 τὸν
696 729 850 806 Διόνυσον,
866 729 912 796 ὅτι
928 735 1042 818 μιχθέν
1059 730 1091 796 τὸ
1107 735 1236 814 γλεῦκος
1251 746 1291 815 τῶ
1306 730 1393 796 θδατι

324 835 389 902 τότε
424 848 540 923 πρῶτον
575 837 675 925 ἐπόθη
708 844 907 925 κεκραμένον.
956 840 1059 924 διόπερ
1095 839 1305 926 όνομασθηναι
1339 843 1394 910 τὰς

323 948 424 1033 πηγὰς
457 943 590 1034 Νόμφας
613 949 666 1009 καὶ
689 947 819 1033 τιθηνας
842 955 892 1010 τοῦ
916 946 1075 1028 Διονόσοο,
1095 945 1141 1011 ὅτι
1164 950 1212 1012 τὸν
1237 945 1314 1011 οἶνον
1338 943 1391 1010 αό-

323 1054 405 1127 ξόινει
428 1049 460 1117 τὸ
483 1049 563 1138 ὕδωρ
586 1058 774 1139 κιρνάμενον.
820 1052 969 1141 ἡσθέντες
993 1051 1043 1118 οὖν
1067 1065 1103 1139 τη
1125 1059 1234 1139 κράσει
1254 1046 1284 1119 έν
1301 1051 1392 1136 ᾠδαῖς

324 1160 455 1247 ἔμελπον
490 1164 538 1225 τὸν
573 1159 716 1225 Διόνοσον
739 1164 919 1246 χορεόοντες
941 1164 995 1225 καὶ
1018 1159 1242 1234 ἀνακαλοῦντες
1266 1158 1392 1247 Εόανθη

323 1271 377 1332 καὶ
399 1267 597 1355 Διθόραμβον
620 1272 674 1332 καὶ
698 1266 877 1354 Βακχευτὰν
900 1272 954 1332 καὶ
977 1266 1118 1355 Βρόμιον.

196 1392 305 1445 LXXV
431 1380 605 1441 Athenoeus
627 1379 693 1441 XII
716 1399 747 1459 p.
773 1379 837 1441 533
861 1379 889 1440 D
913 1378 955 1461 (p.
983 1381 1044 1440 122
1069 1399 1097 1441 a.
1125 1376 1153 1462 1)

429 1480 546 1554 Πόσσις
569 1481 595 1545 δ’
620 1481 650 1547 έν
675 1487 762 1567 τρίτῳ
785 1480 985 1569 Μαγνητικῶν
1009 1486 1057 1546 τόν
1078 1482 1288 1569 Θεμιστοκλέα
1304 1486 1394 1569 φησὶν

195 1630 197 1633 -
324 1588 354 1654 έν
390 1586 555 1676 Μαγνησίᾳ
589 1594 641 1676 τὴν
676 1596 901 1678 στεφανηφόρον
936 1588 1036 1677 ἀρχὴν
1071 1588 1264 1674 ἀναλαβόντα
1295 1593 1395 1655 θῦσαι

325 1696 448 1784 Ἀθηνᾷ
482 1700 536 1761 καὶ
570 1701 622 1783 τὴν
653 1694 758 1784 ἑορτὴν
781 1695 990 1784 Παναθήναια
1013 1696 1161 1783 ὀνομάσαι
1184 1702 1237 1761 καὶ
1259 1697 1394 1782 Διονόσιρ

323 1804 469 1889 Χοοπόιη
493 1806 698 1868 ’θοσιόισαντα
733 1807 784 1867 καὶ
817 1809 869 1891 την
903 1804 995 1870 Χοῶν
1030 1802 1134 1891 ἑορτὴν
1165 1800 1274 1869 αὐτόθι
1296 1828 1394 1870 κατα-

324 1912 427 1987 δεῖξαι.

429 2023 475 2085 De
509 2023 659 2085 conuiuio
692 2023 819 2103 priuato
854 2021 996 2085 Choibus
1026 2022 1136 2085 habito
1159 2025 1301 2103 loquitur
1323 2025 1391 2086 Plu·

322 2130 451 2194 tarchus
483 2132 601 2192 Anton,
628 2130 679 2203 70;
705 2130 744 2191 de
768 2129 906 2210 publieis
929 2131 1073 2210 pecuniis
1097 2130 1221 2193 ciuibus
1245 2131 1390 2193 distribu-

323 2237 424 2313 endis,
461 2237 579 2317 quibus
613 2236 716 2299 Choes
751 2236 919 2312 eelebrent,
955 2257 1047 2317 praeo.
1082 2258 1145 2317 ger.
1181 2239 1257 2318 reip.
1289 2240 1328 2300 25
1346 2264 1386 2289 --

321 2365 352 2425 p.
378 2344 443 2408 818
466 2345 501 2406 F.

536 2452 705 2514 Certamen
728 2450 860 2514 bibendi
944 2490 946 2494 -

429 2560 475 2621 De
498 2559 699 2622 institutione
719 2560 902 2622 certaminis
918 2579 948 2621 u.
966 2559 1083 2622 Athen.
1100 2560 1141 2634 X,
1159 2560 1222 2623 437
1240 2561 1264 2621 0
1281 2555 1391 2642 (LXX)

179 2681 302 2735 LXXVI
430 2667 593 2747 Aristoph.
617 2666 696 2729 th.
724 2667 810 2729 1000
833 2686 902 2747 sqq.

324 2768 467 2857 Κηρσξ.
515 2768 640 2834 ἀκοόετε
664 2771 734 2853 λεῴ·
759 2773 839 2834 κατὰ
862 2774 899 2834 τὰ
922 2776 1034 2855 πόιτρια
1057 2773 1126 2842 τοὺς
1148 2767 1229 2856 χόας

513 2881 606 2942 πίνειν
629 2874 685 2941 ὑπὸ
709 2888 764 2964 της
787 2879 963 2958 σάλπιγγος’
988 2878 1022 2950 ὃς
1046 2878 1071 2940 δ’
1098 2875 1134 2942 ἂν
1158 2875 1248 2962 έκπίη

510 2989 686 3069 πρώτιστος,
711 2981 805 3048 ἀσκὸν
829 2982 1043 3071 Κτησιφῶντος
1067 2987 1195 3072 λήψεται

170 3113 309 3167 Lxxvn
429 3095 592 3175 Aristoph,
616 3094 695 3158 Aeh,
723 3097 808 3157 1224
832 3115 878 3176 sq.

321 3198 596 3271 Δικαιόπολις.
643 3196 686 3271 ῶς
719 3201 789 3272 τοός
823 3204 929 3284 κριτάς
959 3200 989 3285 μ’
1020 3197 1172 3288 ἐκφέρετε·
1197 3216 1255 3264 ποο
1280 3198 1392 3264 ’στινὸ

696 3309 856 3390 βασιλεος;

646 3410 775 3477 ἀπόδοτέ
799 3436 850 3499 μοι
873 3416 922 3480 τὸν
946 3412 1050 3480 ἀσκόν.

161 3559 316 3614 LXXVHI
431 3525 597 3588 Scholium
620 3525 661 3586 ad
685 3526 847 3605 Aristoph.
872 3525 951 3589 Ach.
978 3527 1063 3587 1224
1087 3522 1128 3607 (p.
1155 3523 1208 3608 67)

428 3639 484 3694 ποῶ
523 3628 596 3692 ’στιν
620 3627 636 3693 ὁ
661 3630 814 3711 βασιλεός
840 3629 929 3716 δηλοῖ
950 3626 993 3701 ὡς
1016 3628 1077 3712 ἄρα
1100 3633 1152 3715 τὴν
1176 3627 1350 3715 ἐπιμέλειαν
1374 3626 1391 3692 ὁ

323 3739 470 3821 βασιλεὺς
493 3734 558 3822 εἶχε
583 3747 637 3823 της
661 3733 795 3823 ἁμίλλης
818 3746 868 3800 τοῦ
892 3733 968 3821 χοὸς
990 3740 1043 3800 καὶ
1066 3739 1098 3799 τὸ
1119 3734 1218 3800 ἆθλον
1235 3735 1335 3799 έδίδοο
1351 3747 1390 3818 τῷ

319 3851 486 3932 νικησαντι,
519 3847 568 3908 τὸν
592 3843 696 3911 ἀσκόν.
744 3842 759 3908 ὁ
784 3844 817 3907 δέ
842 3845 987 3926 βασιλεὺς
1010 3841 1092 3930 ἀρχη
1117 3840 1161 3915 τίς
1184 3842 1272 3907 έστιν.
1296 3840 1333 3928 ἧν
1357 3842 1391 3905 δέ

319 3955 373 4016 καὶ
402 3962 457 4016 τῶν
481 3956 650 4039 μυστηρίων
675 3951 870 4038 ἒπιμελητης,
895 3961 950 4015 τῶν
974 3962 1098 4036 πομπῶν
1120 3954 1174 4014 καὶ
1196 3960 1253 4013 τῶν
1276 3952 1390 4012 θοσιῶν

321 4060 354 4123 δέ
376 4057 482 4147 ηρχεν.
