3225 5034
773 408 974 472 -152-

210 596 321 654 van
445 585 607 648 Scholium
631 586 672 647 ad
696 586 716 646 l.
741 587 761 647 l.
787 586 922 648 aliorum
947 586 1102 649 librorum
1125 583 1167 668 (p.
1193 587 1235 650 55
1259 587 1340 668 sqq.)

443 687 488 761 εἰς
522 693 575 774 τὴν
605 686 711 775 ἑορτὴν
734 702 791 753 τῶν
814 689 916 754 Χοῶν·
943 688 1114 754 ἐπετελείτο
1138 691 1171 754 δὲ
1195 688 1407 776 Πυανεψιῶνος

336 794 437 880 ὀγδόη
463 794 490 859 οί
515 796 548 859 δέ
573 796 836 883 Ἀνθεστηριῶνος
861 795 1070 884 <δω>δεκόιτη
1112 801 1185 885 μησί
1202 798 1235 861 δέ
1254 795 1408 862 Ἀπολλό-

336 903 433 986 δωρος
469 902 676 990 Ἀνδεστηρια
710 904 879 968 καλεῖσθαι
901 916 1010 977 κοινῶς
1033 909 1086 990 τὴν
1109 902 1183 991 ὅλην
1206 902 1313 991 ἑορτην
1337 904 1407 967 Διο-

336 1012 415 1093 νόσιμ
450 1008 610 1097 ἀγομένην,
645 1014 725 1074 κατὰ
761 1016 853 1096 μέρος
888 1011 921 1075 δὲ
958 1009 1121 1092 Πιδοιηίαν
1155 1011 1247 1083 Χόας
1271 1011 1406 1095 Χότραν.

334 1120 388 1180 καί
423 1115 525 1188 αὖθις,
561 1114 606 1181 ὅτι
641 1117 787 1204 Ὀρέστης
811 1120 887 1203 μετὰ
910 1121 960 1182 τόν
985 1124 1073 1206 μόνον
1098 1115 1142 1190 είς
1167 1118 1309 1205 Ἀθήνας
1333 1116 1405 1206 ἀμι-

333 1220 463 1309 κὸμενος
498 1223 545 1311 (ἦν
580 1224 613 1288 δὲ
648 1223 736 1311 ἑορτὴ·
773 1224 918 1294 Διονίνσοο
952 1224 1112 1310 Ληναίου),
1147 1223 1190 1297 ὡς
1225 1230 1265 1312 μὴ
1294 1231 1408 1306 γένοιτό

334 1351 434 1418 σφισιν
458 1329 646 1416 ὁμόσπονδος
670 1329 844 1403 ἀπεκτονὼς
867 1337 918 1418 την
943 1337 1069 1418 μητέρα,
1094 1330 1328 1419 ἐμηχανήσαντο
1348 1354 1410 1397 τοι·

334 1438 401 1501 όνδε
431 1461 458 1502 τι
489 1436 637 1504 Πανδίων.
684 1450 747 1524 χοᾶ
770 1438 851 1502 οίνοο
874 1450 930 1508 τῶν
955 1439 1139 1525 δαττομόνων
1164 1436 1283 1522 ἑκάστῳ
1306 1461 1407 1522 παρα-

334 1550 459 1631 στησας,
488 1545 519 1619 ἐξ
548 1541 638 1609 αίντοῶ
662 1543 754 1609 πίνειν
779 1544 922 1609 έκέλεοστ
946 1546 1040 1631 μηδὲν
1064 1542 1284 1631 ίιπομιγνίντας
1307 1544 1407 1633 ἀλλη-

334 1653 409 1725 λοις,
445 1649 487 1724 ὡς
514 1659 589 1739 μήτε
613 1650 672 1715 ἀπὸ
696 1662 746 1716 τοί)
771 1649 862 1716 αότοό
886 1664 1039 1739 κρατῆρος
1063 1657 1124 1717 πίοι
1149 1652 1306 1740 Ὀρέστης,
1331 1659 1406 1740 μήτε

333 1756 449 1831 ἐκεῖνος
484 1758 616 1844 ἄχθοιτο
649 1760 725 1822 καθ’
755 1756 844 1823 αδτδν
874 1757 963 1822 πίνων
988 1766 1088 1844 μόνος.
1135 1763 1189 1822 καί
1215 1757 1264 1823 ἀπ’
1291 1755 1407 1824 ἐκείνου

335 1864 517 1952 Ἀθηναίοις
540 1864 628 1952 ἑορτὴ
653 1863 802 1952 ἐνομίσθη
825 1864 855 1956 ὀί
879 1863 974 1937 Χόες.

441 1974 459 2027 l.
482 1973 507 2027 δ.
532 1970 650 2043 δεκάτης
670 1991 741 2027 corr.
760 1989 777 2027 e
797 1974 885 2027 Suida
904 1990 926 2027 Β.
946 1990 973 2026 u.
994 1970 1076 2035 Χόες.
1096 1975 1122 2028 6.
1142 1970 1273 2043 Λιμναίοο
1293 1974 1405 2028 Oehmi·

334 2063 409 2116 chen
426 2063 464 2129 (u.
484 2080 511 2130 p.
531 2062 582 2128 57).

190 2188 315 2242 vam
440 2173 554 2235 Suidas
578 2193 602 2235 s.
629 2192 660 2235 u.
686 2168 780 2242 Χόες,
806 2173 899 2234 tertia
921 2174 1034 2251 glossa,
1059 2173 1105 2235 sic
1128 2173 1285 2252 incipiens
1308 2169 1400 2248 Χόες,

332 2273 420 2362 ἑορτη
445 2298 491 2348 τις
513 2274 549 2362 ἠν
573 2277 643 2360 παρ’
672 2277 854 2362 Ἀθηναίοις
878 2274 1010 2362 ἀγομένη
1034 2276 1294 2362 Ἀνθεστηριῶνος
1310 2276 1402 2338 δωδε-

332 2388 411 2467 κάτη
434 2386 550 2448 iisdem
573 2388 667 2466 plane
690 2385 796 2448 uerbis
820 2386 931 2466 pergit,
956 2386 1018 2448 nisi
1042 2379 1217 2448 Πανδίωνί.
1237 2385 1402 2459 somissis,

332 2493 467 2556 additi.
493 2493 513 2554 9
538 2500 611 2574 post
634 2487 787 2556 ἐκέλευσε.

216 2634 314 2687 LXIX
440 2618 603 2680 Scholium
634 2618 674 2679 ad
699 2618 862 2698 Aristoph.
886 2618 967 2698 Equ.
993 2619 1046 2680 95.
1071 2618 1124 2695 (sd
1149 2618 1228 2679 Ach.
1254 2617 1317 2678 961
1343 2617 1404 2679 Ru·

333 2722 488 2807 therford)
512 2721 553 2806 (p.
580 2725 621 2786 55
645 2724 706 2804 sq.)

438 2827 501 2891 ἔστι
535 2832 588 2891 καὶ
625 2826 713 2914 ἑορτη
749 2827 919 2914 Ἀδηνησιν
943 2825 971 2892 οί
995 2825 1089 2900 Χόες·
1115 2824 1264 2913 κέκληται
1287 2827 1321 2890 δέ
1345 2825 1404 2890 ἀπὸ

331 2937 471 3022 τοιαότης
506 2931 615 3004 αἰτίας·
654 2917 801 3022 Ὀρέστης
836 2937 913 3020 μετὰ
948 2939 1000 3021 την
1029 2944 1083 3021 τῆς
1111 2938 1226 3021 μητρὸς
1249 2932 1404 3016 ἀναίρεσιν

330 3039 429 3128 ἦλθεν
454 3039 498 3113 είς
518 3043 572 3113 τὰς
591 3041 733 3127 Ἀδίμνας
749 3044 833 3125 παρὰ
849 3038 1013 3117 Πανδίονα,
1031 3052 1159 3127 σοηγενη
1175 3037 1403 3126 καθεστηκότα,

330 3148 365 3220 δς
388 3148 477 3234 ἕτοχε
501 3145 567 3212 τότε
591 3150 758 3230 βασιλείων
782 3159 837 3211 τῶν
855 3147 1041 3233 Ἀθηναίων.
1077 3150 1247 3231 κατέλαβεν
1264 3147 1297 3211 δέ
1315 3143 1403 3210 αὐτόν

331 3251 462 3341 εὐωχίαν
486 3257 552 3319 τινὰ
575 3255 729 3342 δημοτελῆ
752 3268 902 3319 ποιοῦντα·
928 3253 944 3319 ὁ
968 3259 1063 3318 τοίνον
1088 3252 1225 3318 Πανδίων
1242 3251 1403 3338 παραπέμ-

331 3364 451 3447 ψασδαι
485 3366 540 3448 μὲν
575 3366 623 3426 τόν
661 3360 804 3448 ’Ὀρέστην
837 3359 1025 3446 αίδοίμενος,
1049 3373 1231 3448 κοινωνῆσαι
1256 3361 1289 3424 δὲ
1312 3368 1402 3424 ποτοῦ

330 3473 383 3533 καί
418 3467 569 3555 τραπέζης
598 3467 709 3552 ἀσεβὲς
731 3468 908 3556 ίροίνμενος,
933 3473 974 3554 μη
998 3470 1217 3552 καδαρδέντος
1240 3464 1330 3532 αότοῠ
1354 3471 1403 3531 τὸν

332 3583 431 3664 μόνον,
455 3573 496 3648 ὡς
520 3575 557 3639 ἄν
580 3582 622 3662 μὴ
643 3576 703 3640 ἀπὸ
720 3588 769 3641 τοῦ
787 3573 878 3639 αὐτοῦ
894 3586 1046 3661 κρατηρος
1062 3579 1150 3654 πίνοι,
1172 3573 1266 3662 (ἕνα)
1285 3573 1403 3656 ἑκάστῳ

331 3693 387 3747 τῶν
410 3685 605 3769 κεκλημένων
629 3685 806 3769 παρέθηκεν
829 3693 914 3767 χοῶν.

438 3794 554 3857 Suidas
588 3790 684 3869 Χόες,
719 3794 818 3854 altera
852 3794 964 3873 glossa,
1000 3792 1111 3873 paucis
1146 3792 1253 3855 uerbis
1283 3790 1402 3851 nullius

331 3901 487 3963 momenti
522 3901 648 3963 omissis
671 3900 784 3961 eadem
807 3900 930 3980 repetit.
956 3901 975 3961 l.
1002 3901 1021 3961 8
1046 3894 1098 3960 ἕνα
1123 3919 1162 3960 ex
1186 3918 1223 3960 eo
1253 3897 1401 3978 petitum.

228 4026 310 4079 LXX
438 4009 612 4071 Athenaeus
634 4007 675 4082 X,
699 4028 731 4087 p.
756 4006 821 4070 437
846 4008 872 4068 Β
895 4026 963 4087 sqq.
989 4003 1031 4088 (p.
1059 4006 1122 4068 116
1146 4027 1173 4068 a.
1201 4008 1230 4080 1,
1257 4004 1333 4082 123)
1391 4089 1395 4098 Ι

440 4116 491 4199 την
516 4112 549 4175 δέ
572 4121 629 4175 τῶν
652 4110 745 4176 Χοῶν
767 4108 874 4197 ἑορτην
897 4115 948 4197 τὴν
974 4110 1145 4196 Ἀθήνησιν
1171 4107 1404 4194 έπιττλοομένην
