3225 5034
792 340 943 398 .-6-

437 518 549 595 ltaque
573 537 646 578 cum
679 538 717 576 ex
742 517 883 577 Hesiodo
907 517 985 575 nihil
1012 517 1086 576 certi
1111 518 1177 576 erni
1202 518 1312 595 possit,
1337 517 1399 576 alio

294 640 297 645 ·
332 624 426 684 modo
462 629 598 684 statuere
634 623 815 683 conandum
853 630 908 695 est,
934 624 988 700 qui
1014 624 1108 683 luerit
1133 625 1246 683 Lenaeo
1270 625 1397 687 mensis.

616 869 679 948 De
707 869 845 948 fastis
876 868 1113 948 boeotiois

321 1118 323 1121 .
438 1051 596 1122 Quoniam
632 1050 666 1108 in
701 1051 829 1109 scholiis
865 1050 902 1109 ad
935 1069 1060 1109 uersum
1086 1050 1177 1109 illum
1203 1050 1399 1110 Hesiodeum

331 1178 381 1235 op.
409 1156 472 1217 504
497 1158 610 1217 Lenaeo
627 1155 790 1237 mensibus
807 1155 959 1216 boeotieis
976 1157 1079 1216 allatis
1097 1156 1247 1216 definitur
1263 1163 1303 1227 et,
1321 1131 1398 1234 quid

331 1264 370 1324 de
406 1264 454 1323 his
490 1264 617 1324 scholiis
648 1263 855 1323 iudicandum
882 1265 932 1333 sit,
957 1264 1120 1340 exquirere
1145 1264 1237 1323 nobis
1261 1254 1399 1341 proposi-

331 1375 401 1430 tum
425 1376 481 1443 est,
506 1371 645 1448 primum
671 1371 769 1429 fastos
796 1369 952 1429 boeoticos
978 1370 1055 1428 bene
1080 1377 1260 1447 perspectos
1284 1371 1400 1429 habere

331 1496 457 1537 necesse
492 1485 547 1550 est.
596 1497 671 1536 nam
707 1477 762 1553 qui
799 1496 923 1535 menses
948 1477 1079 1535 boeotiei
1105 1478 1208 1535 atticis
1233 1477 1399 1554 responde·

332 1590 396 1657 ant,
436 1584 617 1660 ambigitur.
658 1603 706 1643 ex.
747 1602 772 1643 c.
813 1583 991 1652 Bucatium,
1033 1602 1171 1660 quocum
1212 1583 1399 1642 Plutarchus

332 1691 519 1750 Lenaeonem
556 1698 727 1767 comparat,
764 1690 817 1749 alii
854 1691 1083 1760 Gamelionem,
1114 1689 1167 1747 alii
1192 1688 1398 1747 Posideonem

332 1816 398 1857 esse
434 1805 556 1874 putant.
604 1803 676 1875 post
700 1795 896 1856 Boeclrhium
921 1805 952 1871 et
976 1797 1199 1854 Hermannurn
1214 1774 1317 1871 ¹(Abh.
1344 1795 1399 1851 der

332 1904 403 1964 Ges.
440 1905 495 1963 der
523 1904 616 1964 Wiss.
641 1922 677 1963 zu
703 1904 874 1979 thtingen
900 1903 931 1961 ll
955 1902 1109 1979 phil-hist.
1135 1901 1179 1960 Cl.
1206 1921 1235 1976 p.
1261 1900 1303 1957 43
1328 1894 1397 1978 sqq)

331 2011 428 2070 fastos
465 2011 622 2070 boeoticos
656 2016 829 2070 tractauere
865 2008 1005 2068 Bischoff
1040 2007 1128 2067 Stud.
1159 2007 1242 2083 Lips.
1271 2006 1340 2078 VH,
1366 2025 1396 2082 p.

333 2118 395 2177 343
421 2137 487 2194 sqq.
514 2125 545 2176 et
569 2118 744 2177 Latischew
767 2118 800 2175 in
826 2116 904 2175 libro
929 2115 968 2173 de
992 2115 1154 2173 nonnullis
1170 2113 1265 2172 lastis
1282 2112 1398 2172 aeolicis

331 2233 360 2283 et
396 2224 510 2284 doricis
546 2244 575 2302 p.
611 2225 652 2283 64
678 2242 746 2300 sqq,
771 2242 867 2300 quem
892 2222 1000 2297 lingua
1023 2221 1142 2280 russina
1165 2220 1318 2297 scriptum
1343 2238 1399 2296 per

332 2331 539 2390 Bischot‘lium
575 2332 678 2391 solum
714 2329 857 2406 cognoui.
907 2329 1012 2404 magni
1044 2329 1196 2386 momenti
1236 2347 1327 2405 porro
1351 2331 1398 2385 est

331 2440 557 2498 commentatio
582 2438 680 2515 lipsii
703 2437 736 2495 in
761 2435 851 2495 stud.
878 2435 960 2512 Lips.
988 2435 1036 2493 ΙΙΙ
1062 2455 1090 2511 p.
1118 2434 1180 2493 213
1208 2454 1275 2511 sqq.
1301 2434 1396 2492 etiam

330 2544 499 2605 Kirehhoff
533 2565 599 2604 rem
636 2517 738 2620 tetigit
772 2542 805 2601 in
841 2541 1122 2602 commentatione:
1150 2531 1234 2601 Uber
1257 2540 1307 2598 die
1331 2540 1398 2598 Zeit

331 2652 385 2710 der
420 2652 610 2730 Pythischen
647 2650 806 2719 Festleier,
844 2649 1032 2710 Monatsber.
1059 2648 1115 2707 der
1139 2649 1198 2709 Aa.
1224 2648 1279 2707 der
1304 2648 1395 2707 Wiss

331 2778 367 2819 zu
407 2760 507 2818 Berlin
548 2760 631 2818 1864
669 2778 697 2835 p.
729 2750 787 2816 134
812 2776 880 2834 sqq.
905 2756 979 2815 uide
1005 2775 1096 2833 porro
1120 2757 1156 2814 A.
1183 2755 1395 2815 Schmirltium

331 2866 367 2925 N.
393 2866 502 2927 Jahrb.
530 2869 549 2925 l.
576 2866 654 2925 Phil.
684 2866 766 2924 1885
795 2885 825 2942 p.
852 2866 914 2923 349
940 2883 1007 2940 sqq.

439 2974 606 3032 Bucatium
642 2972 860 3033 (lamelionem
897 2990 962 3030 esse
990 2970 1117 3029 Boeckh
1142 2970 1276 3047 putauit,
1302 2987 1397 3044 quem

322 3080 363 3141 ,in
399 3080 458 3139 hoo
494 3080 591 3139 secuti
616 3084 691 3138 sunt
722 3079 796 3139 Otto
821 3078 943 3139 Gilbert
967 3084 997 3135 et
1022 3096 1122 3153 nuper
1147 3078 1263 3152 Unger,
1285 3076 1339 3152 qui
1365 3075 1398 3134 in

331 3185 505 3246 enchiridio
543 3186 639 3245 lwani
678 3185 789 3246 blilller
824 3186 839 3243 l
870 3205 936 3243 rem
961 3183 1212 3260 chronologicam
1238 3182 1396 3242 tractauit.

331 3293 417 3370 quod
441 3293 629 3353 Plutarchus
652 3292 692 3351 ad
718 3293 793 3352 Hes.
820 3311 869 3368 op.
898 3292 961 3350 504
986 3287 1066 3369 (test.
1092 3289 1136 3367 ll)
1153 3309 1226 3348 eum
1244 3289 1406 3380 Lenaeonq

331 3406 362 3460 et
386 3400 552 3459 Bucatium
578 3406 609 3459 et
633 3400 829 3470 Hermaeum,
854 3418 993 3456 mensem
1012 3403 1206 3474 sequentem,
1224 3402 1396 3472 comparat,

331 3508 357 3566 is
393 3514 423 3565 et
453 3507 620 3566 Hermann
644 3507 689 3565 ita
712 3506 961 3582 explicanerunt,
988 3510 1023 3562 ut
1046 3504 1165 3563 ratione
1189 3501 1396 3562 intercalandi

331 3614 393 3672 alia
427 3620 522 3691 atque
555 3613 763 3672 Athenienses
795 3613 928 3671 Boeotos
952 3630 1025 3671 usos
1049 3629 1115 3669 esse
1139 3615 1309 3675 sumerent,
1335 3628 1397 3686 quo

331 3721 375 3792 fit,
403 3729 437 3780 ut
461 3721 605 3781 Gamelio
629 3739 661 3779 re
686 3739 760 3778 uera
785 3718 879 3778 modo
903 3720 936 3777 in
961 3717 1129 3777 Bucatium
1154 3716 1249 3775 modo
1270 3717 1303 3774 in
1320 3717 1398 3775 Her·

332 3846 449 3887 meeum
473 3827 602 3887 incidat.
652 3826 725 3886 hnic
748 3825 950 3903 explicationi
976 3825 1095 3902 quippe
1119 3823 1276 3883 subtiliori
1300 3842 1397 3900 quam

331 3935 444 3994 ueriori
481 3935 603 3995 Gilbert
637 3954 668 4011 p.
705 3935 746 3992 28
782 3933 849 3992 iure
884 3950 1031 3991 assensus
1066 3950 1130 3990 non
1154 3936 1209 3990 est.
1259 3930 1398 3990 Bischoff

331 4050 438 4102 autem
463 4041 630 4101 Bucatium
656 4039 863 4100 Posideonem
888 4058 955 4098 esse
979 4037 1151 4099 contendit.
