3225 5034
676 387 853 450 ..57-

233 583 299 627 esse
334 567 440 644 potius
474 565 637 627 ostendere
673 566 822 638 uoluerit,
859 565 891 626 id
920 567 1038 626 festum
1064 566 1178 627 Bacchi
1201 566 1299 628 fuisse

227 691 273 759 *ex
296 691 328 732 re
351 672 419 751 ipsa
444 673 599 750 sequitur:
625 672 776 733 Lenaeum
799 672 834 732 id
857 672 995 745 uocauit,
1020 672 1105 750 quod
1130 672 1300 734 Athenien·

234 797 282 840 ses
305 780 423 839 festum
447 778 563 840 Bacchi
587 779 692 839 Lenaei
716 798 844 857 quoque
867 778 1017 840 habuisse
1040 780 1142 840 sciuit.
1190 781 1216 840 si
1233 788 1296 840 tan·

232 890 302 945 tum
331 884 460 946 arbitrio
484 885 661 946 scholiastae
685 886 760 946 dare
784 905 847 946 non
873 885 959 959 libet,
985 885 1069 964 quod
1094 887 1299 947 sane'uerisi·

233 992 308 1052 mile
331 997 388 1064 est,
413 1011 485 1052 cum
511 991 593 1052 hanc
616 991 830 1052 narrationem
855 1011 912 1053 suo
936 993 1070 1071 quisque
1094 993 1190 1053 modo
1213 1011 1298 1053 exor-

232 1098 365 1172 nauerit,
405 1117 511 1159 nonne
546 1098 702 1171 audacius
740 1106 787 1160 est
825 1119 960 1160 errorem
1000 1097 1120 1159 librarii
1155 1099 1299 1160 sumere?

232 1223 307 1265 nam
344 1198 537 1264 ΛΗΝΑΙΟΥ
561 1213 593 1267 et
616 1200 830 1267 ΛΙΜΝΑΙΟΥ
854 1206 1028 1266 admodum
1054 1207 1136 1266 inter
1158 1225 1192 1266 se
1215 1206 1300 1267 simi·

232 1312 276 1371 lia
306 1318 390 1384 sunt,
416 1319 452 1372 ut
475 1312 567 1373 facile
590 1314 781 1374 commutari
804 1314 995 1392 potuerint„
1022 1313 1066 1374 sic
1090 1311 1298 1387 Oehmichen,

232 1418 305 1479 sitz.
341 1417 405 1479 ber.
442 1419 473 1479 d.
510 1419 587 1480 bair.
622 1420 681 1480 Ak.
707 1419 737 1480 d.
763 1421 857 1481 Wiss.
883 1419 949 1499 phil
975 1419 1047 1481 hist.
1073 1418 1118 1480 Cl.
1147 1419 1241 1490 1889,
1266 1420 1298 1480 ΙΙ

231 1545 263 1604 p.
300 1526 361 1586 126
385 1544 433 1604 sq,
457 1526 513 1604 qui
537 1546 576 1586 ex
600 1527 632 1587 τὸ
656 1523 686 1585 ὲν
702 1522 837 1607 Λίμναις
859 1525 982 1606 ripere<
1004 1525 1091 1606 apud
1117 1527 1189 1587 Ath.
1208 1527 1248 1594 X,
1266 1546 1296 1603 p.

231 1631 296 1692 437
321 1632 348 1691 D
372 1628 522 1712 Λιμναῖος
545 1634 625 1711 petit
645 1641 677 1693 et
691 1653 827 1694 errorem
844 1635 882 1708 ei,
900 1634 953 1712 qui
972 1634 1183 1694 narrationem
1201 1640 1299 1694 trans·

232 1737 366 1817 scripsit,
395 1739 548 1801 attribuit.
596 1740 623 1801 si
652 1737 795 1799 Arorbcoo
820 1740 971 1821 Λιμναῖοι)
993 1734 1096 1820 ἑορτὴν
1113 1740 1297 1817 accipimus,

231 1851 314 1905 recte
349 1863 381 1905 se
416 1846 528 1916 habet;
554 1866 629 1906 nam
654 1847 856 1908 Anthesteria
880 1844 1013 1924 Arorbcrp
1038 1841 1068 1905 ἐν
1092 1844 1224 1925 Λίμναις
1247 1848 1299 1906 uel

232 1947 372 2032 Λιμναίῳ
407 1951 655 2014 celebrabantur.
703 1952 744 2014 ad
768 1962 976 2032 postremum,
1013 1960 1085 2014 utut
1108 1959 1164 2025 est,
1190 1971 1298 2031 paren·

232 2057 324 2132 thesi,
360 2077 431 2136 quae
458 2059 491 2120 in
515 2078 580 2119 una
604 2060 705 2120 iorma
729 2060 919 2121 narrationis
942 2067 1039 2133 extat,
1064 2079 1135 2137 quae
1159 2059 1298 2136 complu·

232 2164 319 2226 ribus
355 2166 458 2226 modis
493 2184 533 2225 ex
567 2165 679 2226 eodem
714 2167 801 2226 ionte
826 2166 977 2228 deriuatis
1000 2167 1145 2236 traditur,
1170 2171 1296 2225 tantum

231 2271 381 2349 ponderis
404 2272 518 2333 ascribi
542 2292 604 2333 non
629 2279 742 2350 potest.

339 2377 551 2452 Testimoniis,
588 2397 659 2457 quae
693 2380 867 2440 certamina
891 2381 924 2440 in
948 2381 1070 2440 theatro
1094 2379 1145 2439 die
1169 2378 1299 2456 Chytro-

232 2503 304 2545 rnm
340 2484 449 2546 habita
483 2505 549 2547 esse
584 2486 753 2564 perhibent
776 2482 983 2567 (CVI—CX),
1007 2486 1131 2548 Gilbert
1154 2486 1198 2545 ita
1221 2503 1298 2545 usus

232 2597 289 2666 est,
324 2599 361 2652 ut
395 2593 453 2653 bos
484 2612 516 2652 re
542 2611 619 2653 uera
641 2591 734 2653 ludos
759 2593 944 2654 Lenaeorum
969 2612 1035 2653 esse
1059 2593 1235 2670 lenaeaque
1259 2611 1298 2650 ex

231 2698 270 2759 iis
305 2705 447 2759 constare
482 2699 687 2761 contenderit.
735 2701 793 2760 hos
830 2694 949 2774 ἀγῶνας
980 2678 1138 2779 pupieno<
1160 2699 1221 2758 alio
1245 2717 1297 2759 no·

233 2805 319 2865 mine
354 2804 391 2864 τὰ
425 2807 547 2887 Λήναια
582 2807 734 2886 appellari
770 2805 942 2867 contendit.
989 2825 1041 2866 eos
1074 2814 1182 2865 autem
1206 2804 1298 2865 ludos

232 2913 376 2972 solennes
400 2931 464 2972 non
488 2913 595 2986 fuisse,
621 2914 675 2974 sed
700 2919 820 2975 actores
843 2914 877 2973 in
901 2913 939 2974 iis
964 2913 1124 2991 specimen
1140 2931 1206 2972 suae
1222 2911 1298 2972 artis

232 3018 356 3080 dedisse
379 3027 410 3079 et
433 3025 582 3081 exactum
605 3039 681 3088 esse,
707 3021 761 3098 qui
786 3019 826 3080 ad
850 3019 943 3081 ludos
967 3020 1193 3097 Dionysiorum
1214 3038 1297 3096 mag-

233 3144 346 3185 norum
386 3126 577 3187 admittendi
616 3133 729 3199 essent,
770 3127 834 3186 iam
875 3126 998 3187 dudum
1034 3131 1116 3186 recte
1151 3125 1298 3204 exposuit

231 3232 390 3294 Fritzsche
424 3234 458 3294 II
492 3254 522 3311 p.
560 3235 600 3294 52
636 3244 667 3294 et
695 3253 780 3295 nunc
803 3240 876 3313 post
899 3233 1060 3294 Rodhium
1088 3232 1295 3293 Wachsmutb

232 3360 254 3418 p
276 3343 316 3401 41
344 3340 566 3413 corroborauit,
591 3360 687 3418 quem
712 3341 786 3401 uide
799 3336 829 3417 ¹).

339 3447 421 3508 Cum
445 3447 495 3507 his
523 3449 735 3508 narrationem
758 3447 940 3508 Philostrati
959 3447 1020 3506 Vit.
1040 3447 1143 3524 Apoll.
1165 3448 1202 3504 12
1219 3444 1299 3520 (CX)

232 3554 421 3632 composuit,
446 3573 517 3631 quae
541 3560 634 3614 antea
657 3554 802 3614 adhibita
826 3562 901 3624 erat,
924 3560 960 3614 ut
977 3552 1184 3613 Anthesteriis
1204 3551 1296 3612 ludos

232 3661 381 3721 scaenicos
416 3668 502 3721 actos
537 3680 601 3721 non
635 3680 702 3722 esse
733 3660 1011 3728 demonstraretur,
1036 3668 1072 3720 ut
1095 3660 1207 3719 Lenaea
1230 3676 1297 3718 esse

231 3786 296 3826 non
320 3775 456 3845 possent.
488 3767 570 3828 dixit
593 3768 678 3827 enirn
703 3768 826 3828 Gilbert
850 3786 879 3845 p.
911 3770 970 3827 166
994 3766 1210 3845 Apollonium,
1235 3765 1297 3824 nisi

231 3873 299 3933 ludi
334 3874 459 3934 scaenici
490 3874 698 3936 Antbesteriis
734 3873 799 3933 dati
835 3884 949 3945 essent,
985 3892 1018 3933 se
1041 3874 1119 3933 tales
1143 3879 1297 3950 spectatu-

233 3979 337 3986 ——-
343 3980 444 3986 m—-u—

341 4011 359 4076 ¹)
376 4013 457 4079 Diog.
478 4015 570 4067 La'e'rt.
589 4015 641 4080 111,
660 4014 694 4065 56
712 4011 800 4079 (CXI)
820 4013 919 4095 nugari
940 4029 966 4064 u.
987 4013 1102 4064 Boeckb
1123 4010 1295 4078 p.124,Gil-

231 4101 296 4155 bert
314 4120 340 4169 p.
363 4103 421 4155 167.
