3225 5034
678 408 855 470 ..47-

234 588 359 649 exiliis
382 588 536 666 originem
559 588 701 649 iocorum
726 588 826 667 petiit.
874 552 994 649 AEliini
1017 587 1115 649 fidem
1136 588 1303 667 permagni

232 715 297 765 non
333 695 554 756 aestimandam
590 713 657 756 esse
691 695 760 774 ipse
783 694 1025 767 demonstrauit,
1050 695 1105 774 qui
1133 692 1213 757 Hist.
1241 698 1300 756 An.

233 803 289 875 IV,
316 803 357 862 43
373 799 476 881 (XXI)
493 801 722 882 Gephyrismos
738 803 833 863 ferias
849 802 1050 862 athenienses
1065 820 1133 864 esse
1149 802 1300 874 credidir;

234 909 348 987 quodsi
371 928 484 970 uemm
508 908 648 981 exhibet,
672 907 815 969 Gilberto
831 909 1007 969 contrarius
1022 915 1079 982 est,
1097 928 1171 970 eum
1188 910 1303 970 Lenaea

234 1035 253 1076 a
287 1016 413 1093 Chytris
448 1016 525 1095 ipsis
560 1016 714 1093 seiungat.
761 1015 818 1076 uix
856 1024 963 1076 tamen
1000 1015 1132 1093 contigit
1166 1017 1301 1076 alterum

233 1123 453 1183 testimonium
478 1123 569 1182 aliter
592 1124 772 1200 explanare,
797 1123 884 1200 quod
908 1121 1043 1200 Chytros
1067 1130 1098 1183 et
1120 1122 1234 1183 Lenaea
1258 1141 1301 1184 se·

233 1236 343 1308 parata
367 1229 472 1301 effera
497 1230 610 1290 litterae
633 1238 708 1291 sunt
731 1228 781 1290 hae
806 1229 1011 1308 Hippoloehi,
1032 1248 1112 1307 quas
1128 1230 1302 1291 Athenaeus

233 1337 289 1411 IV,
328 1337 390 1398 128
426 1357 484 1417 sqq
520 1338 660 1398 seruauit
694 1332 788 1417 (XX).
841 1335 1016 1397 admodum
1053 1343 1174 1398 ueteres
1209 1342 1300 1408 sunt;

233 1443 312 1504 dicit
334 1444 421 1504 enim
444 1442 628 1517 Athenaeus,
652 1451 826 1520 antequam
851 1462 905 1505 eas
928 1443 1035 1517 tradit,
1059 1443 1302 1522 Hippolochum

233 1550 440 1612 Macedonem
476 1555 567 1612 aetate
602 1551 719 1627 Lyncei
755 1555 786 1611 et
816 1550 954 1611 Duridos
978 1550 1159 1611 Samiorum
1183 1550 1302 1612 uixisse

232 1664 264 1717 et
298 1657 509 1736 Theophrasti
537 1658 637 1718 Eresii
665 1657 860 1735 discipulum
884 1657 992 1730 fuisse,
1017 1675 1156 1734 quocum
1180 1658 1302 1736 optime

233 1765 437 1826 consentiunt
470 1764 598 1825 luxuria
621 1770 653 1825 et
675 1763 797 1824 diuitiae
821 1765 984 1843 expositae,
1008 1783 1080 1841 quae
1104 1764 1302 1843 temporibus

233 1870 459 1949 posterioribus
493 1871 527 1931 in
555 1870 741 1932 Macedonia
764 1871 897 1933 fortasse
921 1872 1059 1932 minores
1082 1877 1180 1931 erant.
1229 1891 1300 1950 ep.

236 1977 298 2038 130
333 1979 360 2038 Ε
384 1972 512 2058 (daubore
537 1977 592 2045 τὰς
614 1972 809 2060 Θεοφράστου
833 1975 950 2056 θέσεις)
974 1985 1106 2056 apparet
1121 1978 1302 2058 Theophra-

233 2090 319 2146 stum
344 2085 471 2158 uixisse,
497 2104 569 2146 cum
595 2085 644 2145 hae
667 2085 779 2145 litterae
799 2084 1023 2155 scriberentur;
1041 2085 1148 2162 itaque
1165 2085 1228 2145 fine
1245 2085 1300 2146 IV,

232 2191 284 2252 uel
319 2192 425 2270 potius
460 2192 551 2253 initio
579 2192 639 2254 ΠΙ,
669 2211 696 2253 a.
722 2191 794 2252 Chr.
820 2211 851 2252 n⁴
877 2192 985 2253 saeculi
1008 2192 1192 2271 compositae
1216 2198 1300 2254 sunt.

233 2306 404 2377 postquam
438 2317 549 2360 omnes
583 2318 633 2359 res
668 2299 834 2378 praeclaras
869 2298 1035 2378 descripsit
1068 2298 1301 2377 Hippolochus,

233 2423 312 2484 quas
347 2405 380 2466 in
411 2405 532 2484 nuptiis
555 2405 639 2466 uidit
661 2405 727 2466 edit
750 2406 881 2485 accepit,
906 2405 1023 2484 quibus
1047 2412 1154 2466 autem
1179 2405 1302 2467 misello

234 2512 358 2589 Lynceo
395 2513 528 2574 Athenis
564 2513 701 2573 moranti
724 2512 897 2573 carendum
922 2518 997 2584 erat,
1023 2511 1121 2574 uerba
1143 2518 1214 2574 test.
1239 2512 1302 2573 XX

233 2619 330 2679 allata
363 2619 461 2681 addit.
510 2620 623 2680 Lenaea
657 2626 689 2681 et
723 2619 858 2697 Chytros
893 2619 1001 2680 uidere
1035 2619 1157 2698 nuptiis
1187 2619 1302 2680 Caroni
1407 2602 1411 2610 ⁸

233 2744 307 2787 cum
342 2726 381 2787 iis
416 2727 607 2805 comparatis
642 2727 721 2787 nihil
750 2744 827 2787 esse.
875 2726 996 2787 lenaeis
1024 2745 1096 2803 ergo
1120 2732 1151 2785 et
1174 2726 1302 2804 Chytris

234 2832 365 2910 aliquid,
401 2833 487 2912 quod
522 2839 724 2913 spectaretur,
750 2839 826 2906 erat,
851 2840 882 2894 et
905 2852 1102 2912 quamquam
1127 2852 1191 2893 non
1216 2852 1302 2911 pror-

234 2958 287 3001 sus
322 2945 442 3001 certum
471 2948 527 3015 est,
552 2960 569 3001 e
593 2941 690 3002 uerbo
713 2939 849 3018 θεωρῶν,
874 2940 959 3017 quod
983 2940 1130 3018 inprimis
1155 2939 1193 3000 de
1217 2939 1302 3002 ludis

233 3046 414 3125 spectandis
438 3047 563 3122 dicitur,
588 3048 620 3108 id
645 3048 737 3109 ludos
760 3048 911 3109 scaenicos
934 3047 1032 3108 fuisse
1048 3065 1199 3125 apparere
1215 3046 1302 3107 uide·

234 3159 295 3224 tur,
331 3154 504 3232 praesertim
541 3173 625 3227 cum,
661 3160 697 3215 ut
732 3154 856 3215 Gilbert
880 3154 1014 3228 monuit,
1039 3154 1186 3232 Lynceus
1208 3158 1302 3233 poeta

234 3260 374 3321 comicus
399 3261 502 3322 tuerit.
551 3281 621 3321 eam
645 3262 686 3322 ob
703 3281 769 3321 rem
786 3262 980 3322 histrionum
997 3266 1157 3321 certamen
1175 3261 1302 3339 Chytris

234 3366 379 3427 habitum
417 3364 467 3448 (de
502 3387 565 3446 quo
601 3388 631 3429 u.
660 3390 691 3449 p.
718 3365 771 3447 57)
806 3369 836 3429 ei
871 3368 957 3429 cordi
981 3375 1056 3428 erat.
1104 3387 1160 3429 cur
1194 3373 1302 3428 autem

234 3473 348 3534 Lenaea
371 3480 402 3535 et
425 3475 560 3553 Chytros
583 3477 694 3537 ceteris
717 3476 879 3554 Dionysiis
902 3471 1029 3536 omissis
1053 3474 1206 3534 adhibet?
1244 3473 1303 3534 iro·

235 3580 322 3640 niam
357 3582 508 3643 orationis
544 3581 667 3644 Gilbert
689 3589 772 3644 recte
795 3582 989 3656 obseruauit,
1014 3580 1069 3643 sed
1093 3586 1204 3653 cetera,
1231 3599 1304 3659 quae

235 3688 435 3765 excogitauit,
466 3689 562 3751 nimis
586 3689 715 3768 spinosa
739 3696 822 3751 sunt.
871 3689 1000 3768 nuptias
1024 3707 1088 3748 non
1113 3688 1215 3749 multo
1231 3690 1304 3765 post

235 3794 437 3855 Anthesteria
466 3795 637 3856 celebratas
660 3814 727 3857 esse
751 3795 925 3868 contendit,
951 3795 1037 3873 quod
1061 3795 1231 3856 histriones
1255 3813 1304 3854 eo

235 3899 307 3960 dem
332 3920 416 3961 anno
440 3902 574 3962 Athenis
598 3906 728 3979 egerunt
752 3894 790 3982 (ot
813 3896 871 3960 κᾶν
892 3908 954 3968 τοῖς
972 3896 1101 3981 Χὸτροις
1116 3908 1179 3968 τοῖς
1199 3896 1305 3981 Ἀθή-

235 4023 301 4087 νησι
325 4006 613 4088 λειτουργήσαντες).
656 4009 812 4070 incertum
830 4009 891 4070 hoe
907 4015 967 4078 est;
986 4028 1062 4070 nam
1078 4007 1303 4089 Hippolochus

234 4112 279 4173 ita
302 4113 436 4175 scribere
459 4117 573 4194 potuit,
598 4117 624 4178 si
648 4136 696 4177 ex.
722 4136 747 4179 o.
770 4116 838 4195 ipse
854 4121 886 4177 et
901 4116 1024 4178 amicus
1039 4115 1125 4177 ludis
1141 4113 1305 4192 Chytrinis
