3225 5034
661 401 862 460 -125-

228 577 387 655 Didymus
421 577 485 637 diei
509 578 664 638 rationem
688 582 725 637 ut
748 596 806 638 nos
831 577 950 638 ducens
974 577 1076 638 Choes
1100 578 1300 656 Chytrosque

227 704 292 744 uno
327 683 379 744 die
413 685 520 762 peragi
556 683 659 744 dicere
694 689 810 762 posset.
857 684 1052 763 compotatio
1076 683 1200 745 Ohoum
1225 694 1300 745 ante

226 792 326 851 solem
350 789 546 851 occidentem
570 810 636 850 non
660 790 840 864 liniebatur,
864 796 901 851 ut
924 810 957 850 re
979 809 1056 850 uera
1079 792 1299 853 comissatores

227 897 278 957 die
303 897 494 975 Chytrorum
518 897 552 956 in
576 898 735 976 templum
759 880 940 958 Limnaeum
964 898 1120 958 uenirent.
1165 898 1299 959 forsitan

226 1003 374 1081 quaedam
408 1023 496 1064 sacra
524 1003 722 1082 Chytrorum
741 1004 796 1064 illo
820 1023 950 1083 uespere
975 1011 1102 1083 peracta
1125 1005 1199 1077 sint,
1224 1024 1298 1065 cum

226 1110 287 1171 hoc
322 1110 385 1170 diei
419 1119 548 1188 tempus
583 1129 657 1171 cum
686 1130 772 1170 more
797 1107 943 1171 ueterum
966 1111 1086 1189 optime
1110 1112 1298 1188 consentiat,

227 1217 283 1294 qui
319 1216 466 1277 manibus
501 1224 532 1277 et
567 1216 716 1278 heroibus
751 1221 824 1295 post
852 1218 926 1278 solis
950 1236 1098 1278 occasum
1123 1218 1298 1279 sacrificare

226 1322 379 1384 solebant.
428 1323 598 1385 scholiasta
621 1323 689 1384 cod.
716 1327 744 1384 G
768 1323 807 1383 ad
831 1325 881 1384 Ar.
900 1325 979 1385 Ran.
1002 1322 1066 1385 218
1082 1320 1181 1404 (CIII)
1198 1319 1299 1407 ἡμέρᾳ

227 1426 260 1488 δὲ
285 1430 339 1496 τὰς
361 1430 476 1511 χὺτρας
497 1423 617 1497 ἐκείνας
632 1424 710 1511 ἦσαν
727 1424 867 1510 steorte<
883 1430 936 1489 καὶ
953 1423 987 1490 ob
1003 1432 1084 1489 νυκτί
1101 1450 1165 1491 non
1182 1430 1298 1506 obstat,

225 1538 380 1615 quoniam
404 1538 431 1598 is
455 1537 612 1598 scholium
637 1537 706 1598 cod.
731 1538 808 1599 Rav.
835 1557 892 1598 suo
916 1538 1057 1616 periculo
1072 1537 1298 1616 interpretatus

226 1651 274 1704 est
298 1641 339 1723 (u.
365 1644 449 1704 inira
472 1665 502 1723 p,
532 1644 593 1705 132
611 1642 669 1724 sq).
698 1644 758 1705 hoc
775 1645 879 1705 solum
897 1646 1083 1724 scrupulum
1101 1645 1182 1705 mihi
1197 1645 1297 1718 inicit,

225 1751 312 1828 quod
348 1752 427 1812 ritus
459 1751 583 1811 Choum
608 1751 736 1829 Chytris
759 1752 856 1812 sacris
879 1752 988 1830 pertici
1012 1751 1142 1822 dicitur;
1169 1752 1213 1812 sic
1237 1753 1297 1813 iao·

226 1865 296 1919 tum
321 1866 377 1932 est,
403 1858 489 1936 quod
513 1859 699 1920 conuiuium
725 1858 898 1936 producere
922 1859 1069 1919 homines
1093 1864 1230 1919 amant.-

333 1965 499 2043 Pompam,
521 1966 648 2043 qualem
666 1965 808 2025 Choibus
825 1965 955 2025 ductam
972 1984 1039 2027 esse
1052 1968 1149 2044 uulgo
1162 1968 1297 2044 lingunt,

225 2091 258 2131 re
293 2091 367 2132 uera
402 2092 419 2131 e
454 2072 616 2150 Dionysiis
645 2071 768 2149 magnis
791 2072 909 2132 iniuria
932 2072 995 2133 huc
1019 2074 1206 2133 translatam
1230 2092 1298 2134 esse

225 2161 331 2257 supra·
357 2178 590 2253 demonstraui;
626 2179 680 2239 sed
716 2179 823 2239 nescio
857 2198 897 2238 an
933 2179 1068 2257 uestigia
1099 2199 1297 2259 quamquam

225 2305 296 2345 rara
320 2295 350 2345 et
366 2286 462 2345 exilia
478 2286 696 2358 remanserint,
715 2285 832 2363 quibus
848 2305 1002 2363 pompam
1020 2286 1295 2347 Anthesteriorum

227 2393 388 2470 propriam
413 2411 581 2470 agnoscere
605 2394 710 2466 libeat;
736 2412 833 2470 quem
857 2398 965 2453 autem
990 2394 1095 2480 locum
1119 2393 1297 2455 interritus

225 2517 330 2560 sacros
353 2500 500 2574 tenuerit,
526 2519 589 2560 non
615 2501 724 2577 liquet,
749 2500 813 2560 nisi
836 2500 990 2579 nuptialis
1014 2519 1078 2560 non
1102 2505 1169 2560 erat
1192 2507 1223 2560 et
1246 2500 1297 2561 die

225 2605 350 2666 Choum
386 2606 570 2678 ducebatur,
607 2607 662 2684 qui
698 2606 814 2667 Bacchi
849 2612 916 2667 erat
950 2626 1046 2668 sacer.
1094 2613 1205 2667 extant
1233 2607 1297 2668 duo

224 2731 302 2773 uasa
338 2712 447 2773 fictilia
481 2714 579 2791 nigris
614 2714 722 2790 figuris
744 2714 779 2773 In
804 2714 910 2774 Attica
932 2714 1096 2786 fabricata,
1122 2714 1154 2774 in
1179 2714 1296 2792 quibus

223 2839 335 2881 currus
364 2821 498 2892 naualis,
522 2822 556 2881 in
581 2840 644 2898 quo
668 2821 756 2881 sedet
779 2820 923 2882 Bacchus
947 2839 1047 2880 manu
1069 2839 1194 2881 ramum
1220 2822 1296 2883 uitis

225 2945 306 2988 uuas
330 2928 483 2987 terentem
507 2935 628 3001 tenens,
653 2927 798 3007 depictus
822 2934 878 2989 est.
919 2927 1032 3006 scyphi
1056 2935 1140 2997 sunt,
1158 2946 1295 3005 quorum

223 3036 303 3094 alter
335 3035 370 3094 in
405 3036 515 3095 Museo
553 3035 692 3096 ‹ciuico›
730 3034 923 3095 Bononiensi
958 3043 1147 3096 asseruatur.
1205 3035 1296 3096 cuius

223 3147 358 3219 partem,
393 3160 522 3202 currum
557 3142 675 3221 ipsum,
709 3142 792 3203 Mus.
828 3142 929 3203 Rhen.
963 3137 1075 3202 XLIII
1099 3141 1162 3202 355
1187 3141 1296 3220 depin-

223 3248 362 3325 gendam
394 3249 581 3310 Duemmler
615 3250 748 3322 curauit,
784 3249 841 3310 ubi
876 3250 973 3309 etiam
1001 3249 1041 3309 de
1076 3249 1197 3309 ratione
1228 3249 1295 3309 eius

224 3355 359 3416 disserit.
408 3355 476 3416 haec
500 3356 564 3417 fere
588 3356 758 3435 descriptio
781 3356 850 3417 eius
874 3363 929 3416 est.
970 3355 1035 3416 duo
1058 3356 1156 3434 satyri
1180 3355 1295 3416 hirsuti

223 3468 297 3522 ante
330 3481 458 3522 currum
482 3469 569 3537 eunt,
594 3482 690 3541 quem
714 3463 838 3523 trahere
861 3462 1026 3535 uidentur;
1052 3470 1125 3523 ante
1149 3462 1207 3524 hos
1231 3462 1295 3523 duo

221 3569 331 3647 satyri,
368 3569 424 3647 qui
457 3575 586 3630 taurum
611 3569 747 3644 ducunt;
772 3577 845 3649 post
868 3588 996 3630 currum
1021 3589 1100 3648 puer
1122 3570 1157 3644 it,
1182 3570 1237 3648 qui
1261 3570 1295 3629 in

223 3695 261 3734 eo
295 3680 352 3748 est,
381 3682 418 3736 ut
440 3677 549 3736 uelum
574 3675 757 3754 dependens
780 3676 972 3755 prehendat;
997 3696 1092 3755 quem
1118 3682 1296 3754 sequuntur

222 3788 375 3859 quattuor
398 3784 556 3858 mulieres
581 3802 716 3860 quarum
741 3785 856 3844 ultima
880 3803 1036 3857 mensam,
1061 3784 1095 3843 in
1112 3802 1176 3861 qua
1191 3783 1294 3843 libum

223 3888 463 3967 pyramidatum
492 3896 548 3964 est,
573 3890 676 3969 capite
700 3891 769 3951 lert.
794 3891 829 3950 in
853 3896 1012 3952 constrato
1036 3909 1146 3951 currus
1170 3890 1295 3950 naualis

222 3994 367 4057 Bacchus
402 3997 553 4058 barbatus
588 3996 676 4057 sedet
711 4016 809 4057 manu
844 3997 1011 4074 palmitem
1037 4017 1189 4076 magnum
1214 4015 1294 4057 uuas

222 4101 377 4163 ferentem
413 4111 538 4175 tenens;
575 4103 736 4182 utrimque
771 4109 897 4182 satyrus
920 4103 959 4180 (t)
983 4104 1070 4165 tiins
1094 4103 1188 4164 canit.
1236 4121 1294 4163 uas
