3225 5034
692 430 870 489 ..91-

247 607 334 667 tione
367 607 487 677 habita,
520 607 572 668 cui
595 626 653 680 res,
679 626 805 685 quaere
830 627 905 668 uera
928 606 1020 680 fiunt,
1044 608 1177 686 paulum
1201 608 1316 667 immu·

247 719 313 773 tare
336 713 419 786 licet,
444 720 481 773 ut
503 714 621 774 fabulae
644 713 774 791 ageudae
797 721 881 793 aptae
904 715 976 774 siut.
1017 733 1065 775 res
1082 715 1225 774 referam.
1266 714 1317 773 Di-

248 820 395 898 oaeopolis
429 820 539 880 exiens
573 839 604 883 u.
642 821 699 880 241
738 820 855 898 linguis
879 822 985 881 fauere
1008 821 1106 893 iubet,
1132 821 1205 881 filiae
1229 840 1316 882 cane·

247 926 348 1005 phoro
372 926 513 999 denotat,
537 946 601 1005 quo
625 928 693 988 loco
717 928 746 987 ei
769 928 948 988 sistendum
972 928 1021 998 sit,
1051 947 1178 988 seruum
1197 928 1316 1005 phallo-

248 1034 385 1111 phorum
425 1033 621 1106 adhortatur,
657 1041 694 1094 ut
728 1035 873 1113 phallum
910 1042 1031 1095 rectum
1066 1040 1194 1095 statuat.
1254 1053 1317 1111 quo

144 1171 147 1176 ’
248 1140 333 1200 dicto
357 1160 387 1200 u.
415 1141 478 1200 244
503 1141 601 1200 filiam
627 1141 754 1201 corbem
779 1140 936 1219 deponere
959 1141 1057 1215 iubet,
1082 1147 1118 1202 ut
1142 1141 1317 1201 sacrificare

248 1247 389 1325 incipiat.
427 1267 501 1307 eum
524 1267 556 1307 re
572 1267 648 1307 uera
663 1267 788 1309 sacrum
806 1249 954 1327 perficere
971 1268 987 1308 e
1004 1248 1110 1309 uerbis
1127 1249 1216 1325 sequi
1233 1247 1315 1307 uide·

247 1359 309 1427 tur,
335 1373 398 1431 quo
414 1355 498 1414 facto
515 1355 676 1415 Bacchum
694 1362 840 1434 precatus
857 1374 1009 1434 pompam
1027 1356 1177 1433 disponit,
1195 1360 1231 1414 ut
1246 1373 1316 1414 eam

249 1460 395 1533 deducat,
421 1461 519 1520 filiam
545 1462 671 1522 corbem
697 1464 828 1540 pulchre
852 1464 1005 1522 terentem
1030 1467 1061 1521 et
1084 1480 1212 1521 seruum
1230 1461 1317 1539 phal-

247 1568 317 1627 lum
352 1573 473 1627 rectum
502 1573 662 1629 tenentem
688 1569 777 1646 sequi
801 1569 899 1641 iubet,
924 1569 992 1647 ipse
1016 1569 1148 1628 ultimus
1173 1568 1198 1628 it
1221 1567 1317 1628 ollam

248 1681 379 1753 portans
404 1674 457 1749 (cf.
484 1694 513 1734 u.
541 1672 616 1754 284)
640 1683 671 1735 et
694 1681 826 1735 cantum
849 1676 883 1735 in
904 1676 1055 1735 honorem
1075 1675 1173 1753 phalli
1191 1692 1316 1734 canens.

249 1781 398 1842 uidemus
433 1781 680 1860 Dicaeopolidem
715 1802 779 1842 uon
810 1783 948 1842 multum
973 1801 1108 1853 sacrum,
1134 1782 1187 1842 sed
1214 1780 1318 1859 praeci·

249 1908 311 1967 pue
346 1908 498 1967 pompam
533 1907 650 1956 curare.
699 1888 784 1949 dicat
819 1889 950 1967 quidem
985 1889 1100 1967 aliquis
1136 1906 1259 1948 sacrum
1284 1887 1318 1946 in

249 2014 353 2056 scaena
389 1996 444 2055 uix
478 1996 545 2055 fieri
581 1996 735 2074 potuisse;
772 1997 862 2055 nulla
889 2004 995 2056 autem
1021 2014 1116 2056 causa
1139 1994 1238 2066 adest,
1263 2012 1319 2053 cur

250 2121 369 2181 pompa
399 2109 469 2178 port
501 2121 626 2162 sacrum
662 2113 782 2179 agatur,
808 2104 869 2162 nisi
893 2122 925 2162 re
949 2121 1024 2162 uera
1047 2103 1090 2161 ita
1116 2104 1235 2161 tactum
1261 2108 1317 2159 est.

248 2229 266 2268 e
291 2228 355 2286 qua
378 2228 410 2268 re
434 2217 566 2287 apparet
589 2229 742 2288 pompam
768 2228 825 2269 sua
848 2228 944 2269 causa
967 2208 1016 2286 agi
1042 2226 1153 2285 neque,
1179 2216 1214 2266 ut
1237 2225 1320 2266 asso·

249 2317 303 2389 let,
327 2323 453 2375 tantum
479 2335 592 2392 agmen
617 2318 746 2376 solenne
770 2334 847 2384 esse,
872 2316 904 2375 iu
930 2334 996 2393 quo
1018 2315 1157 2375 uictimae
1173 2315 1213 2373 ad
1230 2332 1319 2372 aram

251 2422 458 2483 ducebantur.
507 2429 657 2501 praeterea
680 2423 732 2483 hic
756 2424 862 2500 fruges
886 2421 1100 2483 sacrificandae
1121 2428 1210 2481 erant
1227 2417 1268 2500 (u.
1287 2439 1318 2497 p.

252 2527 336 2608 103).
360 2549 453 2608 porro
469 2531 646 2590 notandum
664 2537 712 2590 est
723 2528 981 2607 Dicaeopolidem,
998 2547 1196 2606 quamquam
1209 2546 1239 2586 u.
1255 2526 1319 2586 248

250 2656 283 2697 se
307 2637 422 2697 Bacchi
444 2656 596 2714 pompam
614 2636 727 2696 ducere
744 2637 825 2696 uelle
843 2637 928 2707 dicit,
947 2635 1043 2695 deum
1060 2655 1124 2694 non
1141 2642 1319 2693 morantem

250 2744 395 2821 phallum
431 2749 558 2802 tantum
594 2744 693 2803 colere
726 2744 857 2820 eiusque
881 2743 990 2820 laudes
1015 2760 1134 2802 canere.
1183 2740 1319 2817 denique

252 2851 492 2910 meminerimus
527 2850 688 2910 Phaletem
725 2852 744 2910 i.
776 2871 800 2910 e.
827 2850 972 2928 phallum
998 2849 1048 2908 dei
1072 2866 1207 2927 persona
1229 2847 1319 2906 indu·

251 2964 331 3028 tum,
356 2976 452 3033 quem
477 2957 674 3017 concelebrat
698 2957 896 3036 Dioaeopolis‚
921 2974 1049 3034 prorsus
1065 2975 1129 3014 non
1146 2953 1319 3025 Bacchum,

251 3063 306 3123 sed
342 3062 458 3122 Bacchi
493 3065 633 3123 amicum
669 3083 736 3124 esse
771 3064 843 3124 dici.
892 3066 987 3142 paulo
1020 3062 1109 3122 aliter
1133 3059 1321 3120 Plutarchus

251 3170 290 3229 de
326 3188 396 3248 cup.
434 3169 499 3229 diu.
537 3171 556 3229 8
585 3168 701 3249 (XXV)
725 3191 877 3252 pompam
901 3176 1039 3230 ueterem
1065 3166 1223 3237 describit,
1249 3185 1321 3243 quae

251 3276 291 3336 ad
328 3295 452 3336 sacrum
485 3277 713 3354 perficiendum
738 3278 783 3337 ire
808 3278 947 3347 uidetur;
974 3296 1047 3336 nam
1073 3294 1166 3352 caper
1189 3273 1322 3333 uictima

251 3393 299 3444 est
334 3384 458 3443 Baccho
492 3384 700 3457 immolanda,
731 3385 807 3444 uino
835 3391 866 3444 et
890 3383 1003 3443 ficibus
1026 3383 1066 3442 ad
1091 3382 1201 3459 epulas
1225 3384 1321 3439 festas

252 3509 333 3569 opus
368 3498 424 3561 est,
462 3491 594 3551 ultimus
630 3493 718 3551 uenit
753 3491 991 3569 phallophorus,
1029 3490 1082 3567 qui
1119 3488 1170 3548 hic
1195 3505 1321 3564 quoque

251 3618 316 3658 non
341 3597 439 3658 abest.
488 3598 567 3657 mihi
593 3617 682 3676 paene
707 3610 829 3658 certum
854 3598 981 3657 uidetur
1004 3616 1078 3656 eum
1103 3596 1132 3654 h.
1160 3596 1177 3652 1.
1205 3592 1243 3652 de
1267 3592 1321 3652 Di·

253 3705 372 3782 onysiis
397 3704 572 3782 agrestibus
596 3705 700 3765 atticis
724 3705 812 3782 loqui
833 3705 914 3781 (obst
934 3699 1114 3785 δημοτικῶς)
1132 3721 1148 3760 e
1164 3700 1277 3760 litteris
1293 3699 1321 3757 ei

252 3812 336 3871 notis
373 3808 422 3892 (ct.
460 3831 524 3871 non
560 3830 649 3871 suau.
687 3830 717 3871 u.
755 3831 814 3871 sec.
845 3813 934 3890 Epic.
962 3814 1002 3870 16
1027 3805 1168 3891 (XXVI),
1194 3807 1322 3885 quibus-

253 3937 327 3979 cum
352 3938 486 3997 pompas
512 3918 696 3995 magnificas
714 3936 771 3978 sua
787 3924 879 3979 aetate
896 3921 927 3978 in
946 3918 1078 3977 urbibus
1097 3916 1219 3994 magnis
1236 3920 1322 3973 actas

253 4007 425 4103 comparat.
473 4025 527 4085 sed
564 4025 688 4084 etiamsi
724 4044 844 4084 morem
882 4025 1061 4084 boeotioum
1098 4026 1199 4092 refert¹
1236 4021 1322 4079 hunc

253 4132 342 4192 attici
366 4133 566 4192 simillimum
593 4132 690 4192 fuisse
707 4138 846 4209 apparet.
895 4132 955 4191 hoc
972 4131 1230 4190 animaduersum
1249 4127 1322 4186 uolo
