3225 5034
673 395 846 455 ..83-

178 588 189 595 “
220 591 344 633 menses
379 579 410 633 et
434 593 490 651 per
513 572 580 633 dies
604 572 764 651 digestum
788 572 838 633 sit.
886 573 1112 651 fragmentum,
1138 576 1224 653 quod
1249 575 1288 635 ad

219 685 342 740 nostros
366 680 473 740 oculos
501 680 656 758 peruenit,
682 678 762 740 duas
785 680 950 740 contiones
972 684 1100 740 tantum
1123 699 1289 760 unumque

219 804 343 847 sacrum
379 792 528 847 recenset.
576 787 679 865 prima
714 787 820 847 contio
856 787 990 847 maximi
1026 788 1182 848 momenti
1213 794 1289 862 erat,

218 892 305 971 quod
343 894 376 953 in
415 913 453 953 ea
490 893 704 954 demarchum
738 893 852 972 prioris
891 894 968 954 anni
1003 893 1290 956 administrationis

219 1000 356 1060 rationes
390 1000 520 1060 reddere
554 1000 734 1079 oportebat3
770 1001 804 1059 in
833 1000 929 1060 altera
955 1000 994 1060 de
1019 1000 1290 1079 Dionysiisdemi

219 1112 250 1166 et
285 1107 354 1167 aliis
388 1107 493 1181 rebus,
529 1125 601 1184 quae
635 1106 872 1180 interciderunt,
906 1107 1064 1185 agendum
1090 1115 1165 1168 erat.
1213 1128 1290 1169 nam

219 1212 354 1274 dubium
391 1233 454 1273 non
489 1221 546 1283 est,
581 1213 660 1292 quin
696 1231 732 1272 πε
767 1211 834 1292 (sex
867 1214 979 1274 litterae
1014 1211 1170 1296 euanidae)
1201 1233 1290 1274 notor

219 1318 298 1399 πε[ρὶ
322 1315 494 1400 diedecima
517 1321 733 1400 supplendum
758 1321 808 1381 sit.
856 1320 1042 1398 cogitauerit
1065 1321 1226 1400 quispiam
1250 1321 1290 1383 de

219 1420 344 1503 θυσιῶν,
379 1427 464 1505 quod
501 1427 663 1505 quomedo
697 1428 792 1488 inseri
828 1427 938 1506 possit,
971 1447 1035 1488 non
1058 1427 1162 1500 uideo,
1187 1446 1290 1507 neque

218 1539 332 1612 aptum
367 1541 422 1606 est,
452 1554 537 1607 cum,
562 1553 633 1612 quae
656 1541 762 1595 essent
784 1554 882 1606 sacra,
908 1534 1010 1595 dicere
1034 1554 1160 1596 necesse
1184 1534 1287 1596 fuerit.

218 1640 260 1701 ad
295 1641 355 1702 hoc
379 1647 486 1701 autem
510 1642 650 1720 spatium
676 1661 741 1702 non
765 1648 868 1703 uacat.
915 1642 1069 1720 quoniam
1093 1642 1161 1703 haec
1184 1643 1290 1703 contio

219 1747 271 1808 die
306 1747 545 1808 undeuicesimo
574 1749 692 1809 mensis
716 1748 900 1809 Posideonis
924 1748 1073 1808 habenda
1096 1754 1172 1821 eret,
1219 1749 1291 1809 Dio·

219 1855 311 1932 nysia
334 1854 421 1915 haud
444 1855 490 1914 ita
514 1856 616 1915 multo
640 1861 712 1934 post
734 1856 829 1916 illum
853 1855 939 1916 diem
963 1861 1034 1916 acta
1057 1874 1124 1916 esse
1147 1861 1289 1934 apparet,

219 1968 255 2021 ut
290 1981 392 2040 neque
427 1981 491 2022 una
519 1982 592 2023 eum
618 1962 828 2023 Anthesteriis
852 1969 924 2041 post
947 1962 1027 2022 duos
1051 1981 1141 2041 paene
1166 1981 1291 2023 menses

218 2087 322 2146 neque
357 2088 421 2129 una
456 2088 529 2129 cum
566 2069 687 2130 Lenaeis
723 2075 795 2147 post
825 2069 940 2147 uiginti
963 2069 1027 2129 fere
1052 2069 1128 2141 dies,
1153 2069 1209 2129 sed
1233 2087 1291 2130 suo

219 2174 271 2235 die
308 2195 414 2236 mense
449 2176 622 2237 Posideone
656 2195 694 2236 ea
729 2176 886 2237 celebrata
909 2195 976 2238 esse
1000 2176 1129 2236 eluceat.
1178 2176 1291 2254 quanti

219 2282 376 2343 momenti
414 2283 567 2361 Dionysia
605 2283 739 2361 agrestia
769 2282 994 2361 Myrrhinusiis
1028 2283 1157 2355 fuerint,
1193 2283 1290 2344 etiam

219 2395 361 2468 apparet,
386 2408 459 2451 eum
485 2391 621 2450 multam
644 2390 839 2451 intentantes
863 2390 1015 2463 cauerint,
1040 2409 1080 2449 ne
1101 2390 1291 2451 demarchus

219 2496 259 2556 de
282 2496 322 2556 iis
345 2502 429 2557 certo
454 2496 504 2556 die
528 2516 618 2575 agere
642 2497 811 2558 omitteret.

328 2603 398 2664 ClA
434 2604 467 2663 Π
502 2603 567 2664 470
601 2604 621 2664 1.
657 2599 698 2664 63
724 2623 783 2681 sqq
807 2623 923 2664 corona
946 2603 1077 2682 ephebis
1101 2603 1289 2678 decernitur,

220 2709 306 2787 quod
341 2729 465 2771 sacrum
502 2711 645 2771 iecerunt
679 2710 819 2784 Bacch03
849 2710 1043 2771 adiectiuum
1069 2710 1210 2784 euanuit,
1235 2710 1290 2772 sed

220 2836 293 2878 cum
318 2817 518 2884 Mommseno
542 2818 652 2877 Heort.
679 2818 743 2878 336
768 2811 946 2895 [Πειραϊκ]ῷ
969 2816 1202 2877 restituendum
1224 2836 1291 2878 esse

220 2924 392 2985 uerisimile
416 2930 471 2985 est.
512 2943 585 2985 cum
611 2924 773 2985 decretum
798 2924 849 2984 die
873 2924 930 2984 XI.
956 2924 1152 2986 Gamelionis
1168 2924 1290 2985 factum

220 3031 270 3104 sit,
296 3032 439 3092 Gilberto
466 3050 593 3110 quoque
616 3051 647 3109 p.
676 3032 737 3092 152
762 3031 916 3110 Dionysia
936 3031 1035 3092 Piraea
1052 3030 1161 3109 paucis
1178 3030 1290 3091 diebus

221 3144 294 3197 ante
317 3144 388 3198 acta
411 3157 478 3199 esse
501 3144 638 3199 statuere
662 3157 789 3200 neeesse
812 3145 880 3199 erat
902 3138 978 3216 (uno
1003 3156 1111 3198 mense
1135 3144 1209 3197 ante
1228 3138 1289 3198 An·

220 3241 410 3324 thesterial);
447 3264 521 3305 cum
556 3251 663 3305 autem
698 3246 732 3305 in
767 3244 880 3305 eodem
916 3245 1010 3305 titulo
1033 3246 1052 3304 l.
1080 3243 1121 3304 73
1145 3262 1213 3322 sqq.
1239 3243 1291 3304 die
1361 3270 1364 3276 ·

222 3350 276 3413 Vl.
323 3351 541 3429 Thargelionis
575 3371 691 3411 corona
725 3351 897 3412 hederacea
933 3350 1066 3430 ephebis
1093 3350 1289 3424 decernatur,

136 3537 138 3540 ι
220 3458 308 3535 quod
332 3477 458 3519 sacrum
485 3459 628 3518 iecerunt
663 3458 696 3518 in
724 3477 845 3536 pompa
868 3458 985 3518 Bacchi
1009 3454 1062 3537 (sc.
1087 3454 1289 3537 Eleutherei),
1325 3467 1326 3472 ’

221 3564 322 3641 magis
356 3573 604 3625 consentaneum
641 3569 688 3625 est
722 3565 862 3643 spatium
899 3564 1002 3624 maius
1032 3564 1115 3624 inter
1137 3563 1291 3642 Dionysia

221 3671 355 3749 agrestia
389 3677 418 3731 et
453 3672 565 3750 populi
599 3670 715 3732 scitum
749 3670 962 3745 intercedisse,
998 3675 1035 3731 ut
1057 3669 1231 3731 Posideone
1254 3666 1291 3731 ea

221 3785 395 3855 agerentur.
436 3785 567 3857 apparet
590 3778 687 3855 igitur
709 3779 795 3838 hunc
819 3778 961 3850 titulum,
986 3777 1012 3838 si
1029 3778 1290 3856 supplementum

220 3883 301 3944 illud
325 3885 466 3944 maxime
490 3884 662 3945 uerisimile
685 3884 869 3963 probamus,
895 3884 1048 3962 Dionysia
1068 3883 1201 3961 agrestia
1217 3888 1290 3943 ante

221 3990 335 4050 Lenaea
358 3995 429 4052 acta
451 4010 518 4052 esse
542 3991 648 4051 testari
666 3997 697 4050 et
713 3998 854 4051 nostram
872 3991 1063 4052 sententiam
1080 3990 1288 4052 corroborare.
