3225 5034
657 447 700 454 -„
727 415 786 473 141
813 447 857 455 -

222 592 353 675 βουδόρα
389 597 494 653 πάντα
532 592 568 651 τὰ
604 590 673 658 τοὺς
704 590 775 668 βους
799 586 961 668 ὲκδὲροντα
986 587 1036 648 διὰ
1061 590 1092 648 τὸ
1115 588 1216 669 κρυος·
1243 589 1290 647 τὸν

220 699 287 762 κατ’
316 696 498 777 Αἰγυπτίους
530 694 619 758 Χυὰκ
646 697 845 778 καλουμενον,
871 694 993 779 ἐκληθη
1018 693 1050 755 δὲ
1075 693 1216 778 Ληναιῶν
1241 693 1291 755 διὰ

222 810 254 869 τὸ
285 809 355 875 τους
378 804 475 874 οἴνους
500 801 530 866 ἐν
555 799 635 885 αὐτῷ
658 804 801 885 κομίζειν.
827 797 913 871 οὗτος
937 800 970 862 δὲ
994 798 1010 863 ὁ
1035 804 1093 885 μην
1117 799 1199 884 ἁρχὴ
1224 823 1291 884 χει-

220 911 318 999 μῶνός
342 912 430 975 ἐστιν.
456 908 482 973 οἱ
507 911 540 972 δὲ
564 910 728 994 Ληναιῶνα
752 930 853 994 φασιν,
878 907 981 993 ἐπειδὴ
1006 906 1151 970 Διονυσου
1172 905 1291 970 ἐποίουν

221 1018 327 1104 ἑορτὴν
351 1019 381 1082 ἐν
405 1030 445 1100 τῷ
469 1021 539 1103 μηνὶ
568 1019 670 1098 τοὺτῳ,
705 1017 741 1100 ἣν
767 1015 957 1099 ’Λμβροσίαν
982 1013 1121 1077 ἐκάλουν.
1146 1018 1199 1076 καὶ
1222 1014 1290 1101 Λη-

221 1149 304 1189 ναιον
329 1124 407 1208 ἱερὸν
432 1127 587 1189 Διονυσου.

328 1234 345 1285 l.
364 1233 389 1285 4.
410 1238 503 1302 μηνῶν
522 1250 529 1282 ι
548 1236 681 1301 χειμῶνος
701 1230 846 1283 Fritzsche
863 1229 901 1295 (u.
921 1246 947 1295 p.
966 1229 1001 1282 20
1019 1228 1072 1295 sq.)

328 1325 584 1403 Etymologieum
610 1323 796 1385 Gudianum
821 1321 862 1402 (p.
889 1322 931 1382 20
954 1317 1036 1401 sqq.)
1307 1331 1352 1382 lx

328 1431 480 1514 Ληναιῶν.
516 1426 611 1512 ὄνομα
647 1435 750 1512 μηνός·
786 1429 867 1489 κατὰ
897 1424 1044 1497 Βοιωτους
1070 1424 1290 1514 <Βουκὰτιος>,

220 1541 300 1601 κατὰ
335 1538 368 1599 δὲ
402 1534 513 1606 Ἴωνας
548 1534 699 1620 Ληναιῶν,
737 1532 771 1603 ὃς
805 1534 883 1597 ὲσιιν
913 1532 1123 1617 Ἰαννουάμιος.
1150 1535 1290 1621 Ληναιὼν

221 1645 254 1707 δὲ
285 1644 402 1729 εἴρηται
429 1644 479 1705 διὰ
503 1646 535 1705 τὸ
559 1644 628 1705 τοὺς
651 1639 748 1712 οἴνους
773 1639 803 1703 ἐν
829 1637 908 1722 αὐτῷ
933 1639 1122 1725 εὶσκομίζειν.
1147 1638 1234 1713 οὗτος
1257 1643 1290 1706 δὲ

220 1750 236 1815 ὁ
261 1756 319 1836 μὴν
343 1749 425 1835 ἁρχὴ
449 1746 600 1834 χειμῶνός
624 1748 712 1812 ἐστιν.
738 1745 764 1811 οἱ
789 1748 822 1811 δὲ
839 1749 1003 1834 Ληναιῶνα
1019 1754 1185 1835 φάσκουσιν
1202 1746 1290 1814 αὐτὸν

219 1860 390 1922 καλεῖσθαι
415 1858 465 1920 διὰ
489 1861 527 1920 τὰ
551 1858 672 1942 ληναια,
698 1853 718 1918 ἅ
743 1855 821 1918 ἐστιν
845 1856 922 1939 ἔρια.

327 1967 345 2018 l.
366 1967 390 2018 1.
410 1965 515 2029 addidi,
536 1983 563 2018 u.
583 1982 610 2032 p.
630 1965 673 2017 22.
710 1965 736 2019 2.
756 1961 895 2033 Ληλαὶυιν.
915 1963 928 2013 ὅ
949 1983 955 2014 :
975 1962 1013 2022 tc.
1050 1965 1075 2017 4.
1096 1962 1109 2014 ὅ
1130 1964 1174 2015 :h

328 2059 483 2139 Stephani
507 2059 599 2119 Thes.
625 2058 674 2118 ed.
701 2057 800 2118 hond.
826 2068 847 2117 t.
873 2065 951 2118 extr.
978 2079 1007 2135 p.
1035 2056 1099 2119 710
1122 2059 1164 2138 (p.
1191 2060 1232 2121 23
1257 2081 1285 2122 a.
1305 2069 1335 2121 X

224 2170 250 2236 1,
277 2168 318 2227 45
343 2187 417 2228 eum
441 2163 528 2247 ann.)

329 2272 479 2355 Ληναιῶν
505 2268 596 2333 ὁκαὶ
623 2267 802 2332 Ποσειδεὼν·
829 2267 844 2333 ὁ
868 2267 1080 2351 Φεβρουάριος

222 2450 514 2541 Testimonia,
545 2473 650 2550 quoe
680 2451 738 2530 ad
769 2451 922 2530 omnia
952 2451 1023 2530 uel
1054 2451 1144 2531 duo
1164 2452 1289 2533 feste

541 2576 712 2655 Baeehi
741 2576 971 2675 speetant.

320 2724 356 2782 A.
405 2720 612 2802 Dionysia
638 2719 817 2802 aqrestia
841 2719 1001 2782 Lenaea
1024 2738 1193 2803 maqna.

328 2847 492 2908 Anecdota
515 2847 650 2907 Bekkeri
673 2847 699 2920 I,
723 2867 754 2925 p.
780 2845 844 2907 235
867 2846 910 2924 (p.
936 2848 978 2906 44
1002 2866 1061 2925 sq„
1087 2849 1139 2920 65,
1165 2848 1206 2909 79
1230 2847 1290 2930 sq.)
1308 2869 1353 2921 X1

329 2950 481 3014 Διονυσια·
517 2948 605 3035 ἑορτὴ
644 2950 796 3034 Ἀθήνησι
826 2948 979 3015 Διονυσου.
1004 2950 1095 3036 ἤγετο
1118 2950 1151 3014 δὲ
1176 2954 1212 3013 τὰ
1236 2956 1290 3036 μὲν

221 3058 287 3119 κατ’
322 3056 433 3139 ἀγροὺς
456 3061 550 3142 μηνὸς
576 3055 790 3128 Ποσειδεῶνος,
816 3060 852 3118 τὰ
877 3057 910 3119 δὲ
933 3058 1056 3142 Ληναια
1083 3057 1289 3143 Γαμηλιῶνος,

223 3167 260 3227 τὰ
285 3164 318 3227 δὲ
342 3163 371 3227 ἐν
396 3164 480 3227 ἄστει
505 3163 782 3250 Ἐλαφηβολιῶνος.

329 3276 509 3353 Hesychius
544 3295 568 3337 s.
605 3296 636 3336 u.
673 3271 815 3335 Διονυσια
838 3273 880 3355 (p.
907 3279 949 3337 44
973 3274 1032 3358 sq.)
1056 3277 1168 3337 eadem
1192 3277 1289 3338 tradit
1310 3313 1367 3365 ΧΠ

221 3382 276 3444 sed
301 3382 379 3443 dicit
402 3382 438 3441 τὰ
462 3380 495 3442 δὲ
518 3379 641 3465 Λήναια
665 3384 759 3466 μηνὸς
783 3380 969 3466 Ληναιῶνος.

328 3489 491 3551 Scholium
526 3491 567 3551 ad
603 3491 745 3552 AEsehin.
779 3492 813 3552 in
842 3493 1001 3555 Timarch.
1027 3494 1069 3554 43
1092 3495 1134 3572 (p.
1161 3495 1203 3554 44
1227 3490 1286 3572 sq.)
1305 3526 1379 3579 Xffl

220 3596 333 3658 eadem
357 3596 463 3658 habet.

326 3704 491 3766 Scholium
508 3706 547 3766 ad
566 3707 643 3768 Plat.
661 3707 819 3786 rempubl.
838 3708 877 3769 47
883 3709 902 3770 5
920 3709 947 3768 D
962 3708 1099 3784 (Herm.)
1113 3707 1156 3786 (p.
1175 3709 1217 3767 44
1230 3704 1290 3787 sq.)
1310 3732 1381 3784 XIV

220 3811 331 3872 eadem
356 3811 463 3885 habet,
484 3813 539 3873 sed
556 3813 634 3873 dicit
650 3813 687 3871 τὰ
704 3811 737 3873 δὲ
753 3810 878 3896 Ληναια
894 3816 987 3897 μηνὸς
1004 3809 1288 3894 Μαιμακτηριῶνος.

226 3927 228 3930 ’
327 3918 393 3979 Lex
415 3919 552 3997 Euegori
574 3919 608 3980 in
632 3920 775 3982 Midiana
798 3922 1022 3983 Demosthenis
1046 3922 1066 3999 ξ
1092 3922 1143 3982 10.
1164 3921 1207 3999 (p.
1226 3916 1289 4000 68).
1309 3944 1366 3996 xv

329 4018 484 4107 Ευηηορος
511 4020 600 4086 εἶπεν·
632 4020 703 4085 ὅταν
726 4022 744 4108 ἡ
769 4028 873 4109 πομπη
896 4046 916 4105 η
940 4023 1136 4105 τῶΔιυνυσῳ
1161 4022 1191 4087 ἐν
1216 4021 1290 4085 Πει-

222 4139 300 4209 ραιεῖ
333 4133 386 4192 καὶ
422 4128 450 4192 οἱ
484 4130 624 4215 κωμῳδοὶ
659 4133 711 4192 καὶ
739 4126 766 4192 οἱ
790 4130 947 4212 τραγῳδοί,
971 4133 1025 4193 καὶ
1047 4128 1066 4216 ἡ
1092 4128 1140 4193 ἐπὶ
1165 4130 1289 4215 Ληναίῳ
