3225 5034
796 431 996 492 -100-

363 599 443 680 ἀγὼν
468 612 523 664 τῶν
548 601 674 685 ‘Aldus
698 608 820 686 legitur.
861 610 995 670 forsitan
1018 611 1058 670 ad
1083 610 1170 671 hunc
1193 629 1327 687 agonem
1344 628 1431 689 προσ-

363 711 480 791 βάθραι
504 713 673 790 pertinent,
698 713 737 774 de
761 715 878 793 quihus
903 716 973 777 CIA
996 717 1030 777 ΙΙ
1054 717 1118 778 834
1144 717 1174 790 0,
1191 719 1211 777 l.
1230 717 1249 777 8
1267 723 1311 789 (u.
1327 737 1358 796 p.
1377 717 1431 794 40)

362 818 460 878 uerba
494 819 579 880 lacta
612 827 696 881 sunt.
737 822 907 884 scholiasta
931 824 1062 885 Luciani
1086 824 1210 885 Baccho
1235 824 1339 884 Cereri
1361 825 1431 885 Pro

360 926 496 1004 serpinae
519 927 624 987 Halos
647 938 717 989 0010
740 949 807 991 0000
831 930 941 1003 tradit;
966 930 1079 992 iisdem
1102 931 1163 992 diis
1180 931 1333 1009 Dionysia
1348 950 1431 1009 agre·

361 1032 422 1092 etia
461 1033 622 1093 Eleusinia
661 1036 773 1097 tribuit
811 1038 923 1098 titulus
963 1037 1034 1113 CIA
1068 1038 1123 1111 IV,
1161 1039 1191 1111 2,
1228 1039 1292 1099 574
1329 1037 1359 1111 b,
1387 1043 1431 1106 ,ut

360 1138 568 1200 simulacrum
604 1143 732 1204 alterius
765 1145 838 1204 festi
862 1146 997 1205 alterum
1022 1163 1111 1223 paene
1134 1146 1295 1217 uideatur3
1321 1164 1431 1223 quam·

359 1244 470 1305 obrem
493 1247 558 1306 iam
583 1248 638 1309 diu
662 1250 740 1311 uiris
764 1250 865 1312 doctis
889 1251 923 1312 in
946 1260 1087 1312 mentem
1103 1252 1194 1312 uenit
1208 1251 1295 1312 idem
1311 1252 1431 1312 festum

360 1352 486 1413 duobus
510 1355 694 1417 nominibus
718 1358 914 1436 appellatum
939 1359 1043 1418 Haloa
1067 1365 1098 1418 et
1121 1358 1275 1435 Dionysia
1296 1357 1432 1436 agrestia

359 1458 522 1520 Eleusinia
557 1462 654 1523 luisse
688 1463 816 1540 (Preller
838 1465 870 1524 in
895 1465 1014 1542 encyol.
1039 1464 1151 1543 Paulyi
1175 1465 1217 1537 II,
1246 1465 1428 1526 10600110.

358 1565 393 1625 in
427 1569 501 1640 line,
537 1568 576 1628 cl.
613 1571 708 1630 etiam
745 1572 777 1632 0.
819 1571 868 1631 rr.
894 1571 1061 1632 Hermann
1085 1571 1197 1632 Lehrh.
1224 1571 1324 1650 dgr.
1350 1566 1432 1633 Ala*

358 1672 392 1731 II
427 1673 447 1749 ἓ
472 1671 534 1755 57).
582 1677 642 1738 1100
668 1683 775 1738 tamen
800 1678 996 1739 reiciendum
1021 1685 1077 1752 est,
1102 1678 1188 1757 quod
1212 1679 1288 1740 satis
1313 1698 1431 1756 magna

357 1780 450 1857 copia
484 1781 651 1843 titulorum
685 1785 835 1846 Eleusine
870 1791 1002 1864 reperta,
1039 1787 1073 1845 in
1108 1784 1225 1863 quibus
1256 1793 1430 1863 utrumque

357 1886 475 1946 festum
511 1890 627 1968 saepius
662 1898 939 1965 commemoratur,
971 1911 1095 1970 semper
1118 1893 1200 1953 iuter
1223 1911 1260 1953 ea
1283 1900 1430 1953 accurate

357 1991 573 2071 distinguitur,
609 2004 640 2058 et
674 1999 828 2075 Bacchus
863 2005 900 2059 ut
926 1999 1122 2060 Rubensohn
1154 1999 1236 2059 uidit
1264 1996 1306 2079 (u.
1331 2018 1430 2078 supra

356 2117 387 2176 p.
414 2098 455 2160 96
479 2099 576 2183 ann),
601 2111 693 2166 aetate
715 2106 887 2184 posteriore
911 2106 1032 2167 deabus
1055 2107 1233 2167 Haloorum
1257 2105 1430 2167 adiunctus

356 2212 412 2266 est.
460 2226 657 2288 quamquam
692 2213 789 2291 igitur
823 2213 976 2291 Dionysia
1011 2213 1145 2291 agrestia
1179 2220 1210 2273 et
1234 2213 1337 2273 Haloa
1362 2233 1428 2274 nou

355 2311 440 2371 idem
459 2323 535 2376 sunt
550 2319 678 2392 festum,
696 2319 874 2380 similitudo
891 2326 997 2380 tamen
1019 2320 1170 2397 insignita
1185 2326 1261 2393 erat,
1275 2339 1346 2398 quae
1359 2338 1428 2380 sen·

355 2419 417 2478 sim
434 2429 527 2482 aucta
543 2431 574 2485 et
590 2427 785 2505 amplificata
800 2432 857 2487 est.
887 2432 919 2487 et
936 2427 997 2487 nisi
1013 2427 1094 2488 festa
1110 2426 1150 2487 ab
1166 2427 1286 2504 origine
1298 2428 1381 2487 inter
1394 2445 1427 2489 se

355 2529 473 2592 similia
496 2531 640 2605 luissent,
665 2552 760 2595 causa
784 2534 873 2594 nulla
896 2533 1060 2606 adfuisset,
1085 2553 1141 2594 cur
1163 2534 1231 2595 haec
1248 2533 1427 2595 similitudo

352 2651 534 2723 augeretur;
570 2641 631 2702 1100
659 2640 789 2719 quidem
815 2641 855 2701 ad
879 2641 1034 2719 Dionysia
1056 2641 1190 2718 agrestia
1212 2641 1427 2719 intellegenda

354 2751 501 2812 nonnihil
537 2750 621 2809 ualet
636 2743 667 2829 ¹).
714 2749 826 2825 (aliter,
862 2767 927 2808 non
950 2754 1033 2809 recte
1060 2747 1256 2809 Rubensohn
1281 2768 1312 2827 p.
1340 2745 1424 2829 121).

463 2907 482 2969 ι)
500 2907 593 2960 Ηο100
611 2905 642 2956 in
660 2906 724 2957 aliis
744 2917 857 2971 quoque
876 2905 968 2956 demis
987 2909 1051 2957 acta
1069 2920 1132 2957 esse
1151 2909 1184 2956 ut
1203 2905 1425 2969 demonstretur,

352 2998 479 3064 Alciphr.
500 3012 543 3063 ep.
563 2997 586 3060 1,
605 2994 647 3058 39,
667 2994 685 3046 8
704 2994 858 3046 adhibetur
876 2998 931 3050 τοῖς
951 2990 1068 3060 ‘Alliam
1087 2990 1115 3042 δὲ
1138 2993 1165 3042 ἐν
1189 2989 1317 3060 Κολλυτῷ
1332 2991 1427 3043 ἑστιώ-

351 3086 429 3156 peda
459 3085 529 3153 παρὰ
557 3089 593 3150 τῷ
622 3078 763 3151 &strutar
785 3081 891 3151 ἐραστῇ.
911 3084 955 3132 τὸν
973 3083 1023 3152 γὰρ
1043 3087 1093 3151 τῆς
1113 3078 1274 3151 Ἀφροδίτης
1294 3081 1427 3151 ἐρώμενον

351 3174 372 3245 ἡ
397 3172 522 3242 Θεττάλη
542 3169 653 3223 στέλλει.
676 3170 748 3231 ὅπως
768 3168 790 3220 δ’
810 3169 885 3241 ἥξεις
905 3170 1020 3240 φέρουσα
1039 3169 1135 3240 aequior
1155 3171 1201 3221 aad
1219 3168 1360 3240 κοράλλιον
1378 3170 1426 3221 καὶ

351 3264 395 3314 τὸν
414 3264 457 3314 0ον
475 3259 600 3323 Ἄδωνιν,
629 3258 657 3310 ὃν
677 3266 719 3310 νῦν
738 3259 900 3329 περιψύχεις.
938 3261 1004 3313 libri
1025 3258 1132 3322 ἀλώοις,
1151 3261 1270 3312 Ρ1010011
1289 3265 1318 3312 et
1336 3260 1424 3312 Mein-

348 3356 404 3406 eke
423 3349 568 3412 Ἀδωνίας,
587 3352 664 3417 quod
682 3351 846 3417 repudiauit
864 3350 1011 3415 Augustus
1031 3350 1192 3402 Mommsen
1211 3350 1293 3401 Burs.
1310 3350 1424 3402 Jahrss-

351 3444 409 3496 ber.
440 3441 518 3507 1889,
546 3441 571 3506 3,
599 3440 661 3507 250,
686 3441 721 3492 cf.
742 3457 768 3506 p.
788 3439 853 3501 2533
874 3440 924 3491 sed
944 3439 1054 3491 ratione
1072 3444 1234 3505 temporum
1254 3438 1353 3490 habita
1370 3438 1424 3491 lec·

349 3533 459 3584 tionem
478 3530 617 3582 librorum
636 3545 703 3581 mss.
724 3545 842 3596 prauam
862 3543 926 3580 esse
945 3543 1062 3580 necesse
1081 3532 1133 3592 est,
1147 3527 1171 3579 si
1185 3542 1242 3592 qua
1254 3526 1424 3593 Alciphroni

350 3637 446 3673 rerum
474 3619 695 3672 Atheniensium
724 3617 849 3683 cognitio
877 3617 1057 3669 ascribenda*
1073 3620 1129 3677 est;
1153 3616 1199 3668 sin
1221 3616 1326 3681 minus,
1346 3616 1423 3681 quod

350 3710 432 3775 dixit,
460 3709 668 3774 neglegendum
697 3713 748 3760 est
785 3707 891 3759 inuitat
916 3707 971 3759 hae
989 3706 1019 3758 in
1038 3706 1162 3772 epistula
1180 3705 1296 3771 Megara
1314 3706 1423 3757 hetaera

350 3799 436 3851 aliam
455 3797 635 3863 Bacchidem,
654 3801 688 3849 ut
705 3797 742 3849 ad
760 3796 927 3849 conuiuium
947 3796 1052 3848 ueniat.
1085 3793 1272 3861 §llegimus
1285 3792 1422 3862 κληθεῖσα

350 3885 397 3938 ὑπὸ
425 3883 562 3955 Γλυκέρας
590 3884 631 3935 ἐπὶ
659 3882 754 3935 θυσίαν
790 3890 914 3936 τοσοῦτον
943 3882 1036 3953 χρόνον
1064 3912 1098 3920 -
1127 3881 1178 3933 ἀπὸ
1206 3889 1257 3933 τῶν
1282 3880 1422 3933 Διονυσὶων

346 3993 397 4057 (sc.
426 3981 477 4026 τῶν
507 3973 533 4024 ἐν
561 3971 645 4039 ἄστει)
662 3973 714 4043 γὰρ
736 3971 802 4043 ἡμῖν
822 3970 992 4044 ἐπήγγειλεν.
1029 3972 1133 4025 deinde
1155 3986 1218 4036 quae
1237 3972 1268 4023 in
1287 3971 1420 4029 conuiuio

347 4066 426 4133 apud
454 4065 605 4132 Glyceram
633 4069 697 4116 acta
723 4064 791 4129 sint,
820 4068 940 4116 enarrat.
978 4061 995 4129 ᾖ
1022 4063 1100 4115 droa
1123 4061 1170 4129 μὲν
1199 4054 1243 4111 οὖν
1262 4059 1421 4130 συγγνώμην

346 4151 447 4223 ἔχομέν
471 4170 512 4203 eor
530 4158 580 4223 τῆς
600 4150 753 4222 ὑπεροψίας,
772 4156 827 4212 τοῖς
846 4150 901 4205 κτλ,
921 4152 1020 4219 (uerba
1038 4152 1069 4203 in
1088 4150 1172 4202 initio
1191 4150 1277 4202 allata
1295 4151 1356 4202 haec
1375 4165 1422 4201 ex·
