3225 5034
750 368 948 428 -110—

312 550 442 629 spinoso
466 548 606 627 quodam
631 546 727 607 modo
751 546 956 625 explicanteS,
982 546 1022 605 de
1045 563 1108 623 quo
1131 547 1197 606 iam
1221 547 1297 607 eatis
1314 546 1383 606 dixi

312 653 353 737 (p.
369 655 410 716 85
436 655 525 733 sqq).
548 653 700 733 temporis
716 667 812 713 cauea
827 653 994 713 oblocutus
1011 657 1058 713 eet
1074 651 1254 714 Mommsen
1270 653 1379 713 Heort.

313 763 355 823 44
390 782 448 840 sqq
485 767 516 823 et
540 762 603 822 339
628 775 697 838 sqq,
722 760 805 820 Fest.
832 760 905 819 Aah.
933 758 997 820 376
1021 775 1067 838 eq,
1093 762 1149 838 qui
1173 761 1268 821 aliam
1293 761 1382 820 uiam

311 871 470 948 ingressus
494 874 525 929 et
549 868 701 946 Dionysia
725 867 859 945 agrestia
883 872 914 927 et
937 866 1050 927 Lenaea
1074 887 1113 926 ex
1134 868 1246 927 eadem
1262 867 1382 945 origine

312 984 380 1039 orta
415 982 495 1049 tum,
532 994 606 1036 cum
642 979 796 1046 mustum,
833 974 891 1034 etsi
916 992 980 1034 non
1004 973 1162 1034 deferbuit
1185 994 1243 1035 nec
1268 974 1381 1034 uinum

312 1093 388 1157 erat,
424 1089 560 1161 agrestes
596 1081 702 1141 bibere
736 1081 922 1159 inciperent,
958 1081 1056 1141 musti
1092 1095 1187 1142 causa
1222 1088 1288 1141 acta
1315 1098 1382 1141 esse

312 1198 413 1270 putat.
450 1209 490 1250 ex
513 1205 549 1249 eo
565 1189 649 1249 enim
667 1195 835 1265 tamquam
852 1187 955 1266 posito
971 1195 1066 1265 atquc
1083 1200 1231 1249 concesso
1248 1185 1381 1248 Momm·

312 1316 368 1359 sen
404 1297 622 1376 proficiscitur,
659 1295 743 1373 quod
780 1294 889 1354 omnia
924 1295 1077 1372 Dionysia
1101 1295 1168 1354 uini
1184 1311 1289 1356 causa
1312 1301 1383 1355 acta

312 1407 401 1477 sunt;
434 1423 506 1464 cum
533 1423 590 1463 nec
613 1402 810 1462 uindemaiia
833 1419 891 1461 nec
914 1402 991 1461 noui
1014 1402 1082 1461 uini
1107 1420 1202 1462 cauea
1226 1400 1382 1462 celebrata

313 1512 425 1571 Lenaea
443 1511 506 1571 sint
522 1545 565 1552 --
582 1510 641 1570 hoc
658 1512 773 1569 testum
792 1509 894 1569 Choes
907 1515 982 1569 sunt
994 1544 1037 1550 —
1050 1511 1139 1568 nulla
1152 1514 1248 1569 restat
1260 1508 1322 1568 nisi
1335 1525 1381 1578 ea,

313 1637 410 1696 quam
446 1618 578 1696 protulit
613 1616 813 1677 sententiam.
862 1634 959 1693 quam
992 1624 1027 1676 ut
1051 1616 1239 1687 corroboret,
1263 1626 1382 1675 nomen

284 1763 286 1768 «
313 1721 405 1805 ληνός
427 1725 472 1784 ita
495 1723 692 1801 interpretari
723 1728 864 1796 conatur,
889 1729 925 1782 ut
949 1741 1013 1782 uon
1037 1723 1141 1783 solum
1166 1723 1300 1801 preium,
1326 1720 1382 1782 sed

313 1831 410 1891 etiam
427 1850 483 1892 uas
500 1829 673 1908 quoddam,
687 1830 720 1888 in
734 1829 820 1907 quod
833 1848 851 1889 a
863 1830 949 1908 prelo
965 1829 1058 1890 fluxit
1071 1836 1215 1902 mustum
1228 1836 1259 1888 et
1271 1830 1305 1887 in
1318 1847 1383 1905 quo

313 1937 431 1998 ferbuit
464 1937 626 2014 (»Kufe>›),
652 1936 815 2013 significet.
864 1933 949 2013 quod
974 1937 1001 1996 ei
1027 1937 1082 1996 nix
1107 1936 1239 2013 contigit
1263 1941 1293 1995 et
1316 1936 1381 1994 iam

314 2043 436 2105 Gilbert
459 2066 490 2123 p.
516 2043 557 2104 39
582 2063 627 2122 sq.
653 2044 813 2103 refutauit
862 2062 936 2103 nam
963 2044 995 2102 in
1020 2044 1123 2121 glossa
1147 2043 1255 2103 anecd.
1283 2041 1379 2101 Bekk.

316 2152 344 2225 1,
370 2171 390 2229 p
415 2149 478 2211 277
490 2147 512 2226 1)
536 2152 569 2210 in
594 2150 653 2210 hoc
669 2169 744 2210 uase
761 2151 1053 2210 uinum'seruatum
1071 2168 1138 2210 esse
1155 2156 1211 2209 aut
1227 2147 1381 2210 ferbuisse

313 2275 377 2317 non
402 2266 501 2329 extat3
528 2258 582 2318 sed
607 2266 643 2317 ut
666 2257 738 2316 uuis
762 2257 877 2335 pressis
901 2256 1097 2334 explebatur,
1123 2265 1266 2317 mustum
1290 2271 1329 2315 ex
1345 2274 1382 2315 eo

312 2365 345 2425 in
382 2361 444 2424 alia
477 2383 556 2425 uasa
589 2364 700 2424 fictilia
734 2362 1026 2435 transfundebatur,
1062 2364 1095 2424 in
1132 2362 1248 2441 quibus
1272 2368 1383 2441 postea

312 2470 465 2531 feruebat.
513 2472 609 2531 etiam
645 2471 752 2530 minue
787 2469 907 2530 sufficit
932 2470 1027 2530 Anth.
1057 2471 1120 2530 Pal.
1146 2471 1204 2542 XI,
1231 2471 1271 2531 63
1285 2464 1316 2550 ²),
1343 2469 1383 2529 de

314 2597 377 2657 quo
413 2578 536 2639 Gilbert
570 2579 590 2637 l.
628 2579 648 2637 l.
682 2577 803 2655 optime
827 2576 924 2637 dixit:
951 2578 1012 2637 Der
1036 2577 1165 2637 Dichter
1188 2578 1251 2637 will
1276 2593 1380 2653 engen,

314 2705 346 2746 er
370 2684 518 2746 wiinsche
543 2686 609 2745 sich
634 2683 843 2745 unmittelbar
866 2703 907 2744 an
931 2685 982 2743 die
1006 2684 1116 2756 Quelle
1141 2703 1177 2743 zu
1202 2686 1300 2761 legen.
1346 2688 1384 2742 ut

313 2811 410 2871 supra
444 2792 521 2863 dixi,
559 2792 681 2852 Gilbert
716 2798 808 2869 putat
842 2792 955 2850 Lenaea
978 2791 1068 2850 initio
1093 2791 1249 2851 Lenaeone
1276 2808 1383 2850 mense

313 2900 334 2959 i.
374 2919 400 2959 e.
441 2900 626 2959 Gamelione
665 2908 733 2958 acta
773 2916 850 2970 esse,
886 2897 1000 2957 deinde
1035 2898 1069 2957 in
1104 2898 1382 2959 Anthesterionem

314 3008 467 3066 translata
490 3024 563 3065 cum
590 3004 799 3065 Antheeteriis
824 3004 993 3064 coniuncta
1016 3022 1093 3076 esse,
1118 3010 1154 3063 ut
1170 3005 1246 3064 olim
1264 3005 1382 3064 festum

314 3113 364 3173 oui
387 3112 465 3171 iuris
488 3112 608 3172 fuisset.
657 3093 842 3171 Lenaeorum
867 3119 898 3170 et
922 3111 1036 3171 Bacchi
1062 3111 1166 3171 Lenaei
1184 3130 1300 3171 nomen
1317 3129 1382 3169 non

314 3238 331 3278 e
366 3217 447 3301 ληνῷ
482 3218 679 3296 significante
711 3219 847 3296 prelum,
873 3217 926 3278 sed
952 3238 1067 3291 arcam,
1092 3219 1125 3277 in
1150 3237 1213 3296 qua
1238 3224 1383 3277 mortuus

315 3326 471 3396 conditur,
508 3325 631 3386 deriuat
665 3324 859 3385 contendens
895 3315 1028 3397 Baccho,
1059 3326 1114 3402 qui
1139 3345 1203 3385 una
1227 3344 1299 3385 cum
1324 3325 1381 3385 sol·

314 3432 401 3491 stitio
424 3431 557 3492 hiberno
582 3432 720 3491 moriens
735 3432 769 3491 in
786 3450 858 3491 arca
874 3431 1070 3503 conderetur,
1088 3441 1159 3493 acta
1175 3451 1241 3492 esse
1259 3433 1380 3491 Lenaea.

314 3558 391 3598 nam
426 3538 486 3599 boc
521 3544 667 3598 autumat
695 3538 867 3609 Bacchum,
891 3538 1017 3615 dequo
1041 3539 1093 3599 hio
1117 3540 1228 3617 agitur,
1254 3540 1328 3600 solis
1352 3547 1395 3599 et.
1459 3565 1463 3569 ·

424 3730 442 3797 ¹)
460 3733 548 3785 Bekk.
568 3733 590 3798 Ι,
610 3732 661 3784 277
682 3728 771 3799 ληνός·
791 3731 936 3800 γεωργικὸν
957 3738 1058 3791 σκεῦος·
1079 3730 1130 3784 ἔστι
1150 3730 1177 3782 δὲ
1198 3732 1303 3803 ἀγγεῖον
1322 3730 1383 3782 δεκ-

315 3821 385 3872 τικὸν
415 3816 482 3870 οἴνου
512 3818 620 3882 ξύλινον,
648 3817 662 3870 ὃ
692 3817 852 3889 ἀποδέχεται
876 3820 904 3870 τὸ
924 3818 983 3890 ῥέον
1002 3822 1031 3871 ‘ea
1050 3828 1101 3872 τῶν
1120 3820 1237 3890 ὀργάνων
1256 3828 1306 3872 τῶν
1325 3839 1383 3872 πιε-

316 3910 439 3979 ζομὲνων.

422 3998 443 4065 ²)
469 4002 503 4053 A.
531 4001 561 4052 P.
588 4002 639 4064 XI,
668 4000 703 4052 63
731 3998 813 4068 αὐτὰρ
836 4000 895 4069 ἐμοὶ
914 4001 1019 4070 κρητὴρ
1040 4002 1087 4068 μὲν
1106 3997 1143 4049 ἔοι
1163 3996 1251 4058 δέπας·
1272 3998 1335 4069 ἄγχι
1355 3996 1383 4051 δὲ

316 4085 397 4157 ληνὸς
418 4087 473 4139 ἀντὶ
492 4087 580 4141 πίθοι).

1086 4167 1097 4216 J
