3225 5034
766 399 943 460 ..50-

321 577 463 639 sacrifica
478 577 669 655 (Doerpfeld,
688 578 762 639 Ath.
781 577 886 638 Mitth.
906 576 978 648 XX,
995 577 1056 636 166
1070 594 1139 654 sqq,
1153 576 1249 647 Prott,
1263 575 1387 649 XXIII,

323 685 386 745 218
421 685 481 762 sq.)
515 691 546 745 et
580 685 667 755 stela,
704 703 801 762 quam
838 683 923 763 apud
960 702 1104 743 mensam
1139 683 1263 743 stetIsse
1290 681 1388 742 sumit

322 790 492 870 Doerpield
509 787 538 872 (l.
557 793 576 851 l.
598 791 670 864 167,
685 786 769 871 203),
783 791 881 851 etiam
894 791 926 850 in
940 791 1002 850 alio
1014 791 1134 868 templo
1147 795 1242 866 atque
1255 787 1388 849 Limnaei

321 916 388 958 esse
411 904 593 976 potuerunt,
618 916 720 976 neque
744 898 868 976 prelum
892 896 1074 975 (Doerpfeld
1099 897 1118 956 l.
1144 897 1163 955 l.
1192 895 1254 955 168
1279 914 1337 972 sqq
1358 900 1389 954 et

323 1001 399 1085 204)
433 1007 589 1084 templum
625 1005 729 1065 Lenaei
764 1024 831 1065 esse
867 1004 1073 1076 demonstrat,
1106 1002 1280 1081 praesertim
1303 1020 1387 1075 cum,

321 1120 358 1172 ut
391 1113 474 1172 iufra
509 1132 678 1190 exponam,
715 1112 847 1173 Lenaeus
882 1111 960 1172 deus
992 1110 1180 1171 torcularius
1204 1109 1300 1170 fuisse
1324 1128 1389 1168 non

291 1290 294 1296 Δ
321 1218 476 1279 uideatur.
524 1219 632 1296 itaque
660 1218 698 1278 de
722 1218 864 1296 reliquiis
888 1218 999 1296 templi
1023 1224 1054 1277 et
1078 1217 1117 1276 de
1141 1198 1250 1276 ceteris
1275 1215 1388 1283 causis,

322 1344 393 1403 quae
416 1327 574 1404 templum
598 1344 699 1386 unum
724 1325 823 1386 fuisse
846 1324 986 1385 indicare
1011 1323 1168 1392 uidentur,
1193 1342 1258 1384 una
1283 1322 1390 1401 dispu-

323 1433 443 1492 tatione
478 1434 524 1492 uti
560 1451 685 1493 necesse
720 1438 776 1493 est.
825 1432 852 1492 si
888 1432 1049 1492 Limnaeus
1077 1438 1108 1492 et
1132 1431 1263 1491 Lenaeus
1288 1448 1388 1489 unum

323 1537 442 1599 babent
480 1540 648 1618 templum,
685 1548 908 1617 argumentum
944 1537 1096 1598 idoneum
1131 1538 1153 1597 ii
1187 1537 1389 1609 inuenerunt,

323 1646 378 1724 qui
413 1645 544 1706 deorum
580 1647 696 1706 festum
733 1664 835 1705 unum
859 1647 957 1706 fuIsse
981 1651 1118 1706 censent.
1166 1645 1232 1705 iam
1256 1643 1388 1715 Gilbert,

323 1753 379 1830 qui
413 1753 603 1814 sententiam
638 1771 703 1813 suae
738 1753 840 1812 aetatis
870 1760 996 1812 secutus
1019 1753 1177 1831 templum
1202 1750 1335 1810 Limnaei
1359 1755 1390 1810 et

323 1868 354 1919 et
388 1860 492 1919 Lenaei
527 1860 560 1919 in
592 1860 716 1937 regione
739 1860 854 1920 theatri
880 1859 983 1942 situm·
1002 1877 1069 1920 esse
1093 1857 1236 1930 credidit,
1261 1858 1306 1918 sic
1329 1856 1390 1916 dis·

323 1967 434 2044 putaui
473 1987 502 2045 p.
532 1967 591 2026 101
618 1985 697 2044 sqq.:
723 1967 749 2027 si
772 1967 930 2044 templum
955 1968 1052 2026 semel
1077 1967 1111 2025 in
1134 1985 1219 2025 anno
1246 1965 1297 2024 die
1313 1964 1387 2024 XII.

324 2072 576 2134 Antbesterionis
600 2073 799 2152 aperiebatur
823 2071 947 2152 (IDemI
971 2074 1003 2132 in
1029 2073 1127 2133 Neaer.
1154 2072 1194 2132 76
1214 2066 1391 2152 (LXXVII)

324 2187 354 2239 et
389 2180 502 2239 Lenaea
536 2180 582 2240 ibi
617 2181 799 2257 agebantur,
830 2180 889 2240 hoc
913 2179 964 2239 die
988 2186 1058 2240 acta
1081 2187 1165 2240 sunt.
1213 2177 1389 2237 memineri-

324 2304 397 2346 mus
431 2292 538 2346 tamen
574 2287 752 2347 Gilbertum
790 2287 902 2357 Lenaea
937 2286 987 2346 die
1022 2287 1114 2346 XIII.
1144 2284 1301 2346 celebrata
1323 2302 1390 2344 esse

324 2398 445 2472 putare,
462 2412 526 2470 quo
542 2393 593 2453 die
609 2395 780 2454 certamina
798 2394 944 2472 chytrina
961 2393 1148 2477 agebantur;
1167 2392 1270 2453 dicere
1282 2401 1389 2451 autem

324 2504 428 2578 potest
463 2501 576 2561 Lenaea
610 2501 661 2560 die
696 2507 846 2578 sequente
882 2520 979 2578 prope
1014 2500 1096 2561 aedes
1131 2501 1254 2561 clausas
1283 2499 1333 2558 uel
1355 2498 1391 2557 in

324 2606 449 2684 regione
487 2626 575 2668 sacra
607 2606 763 2668 celebrata
797 2625 873 2668 esse.
894 2608 911 2620 “
934 2607 1025 2668 ludos
1060 2627 1125 2667 non
1162 2606 1247 2684 apud
1283 2607 1390 2684 ipsum

324 2715 495 2792 templum,
520 2714 574 2775 sed
599 2734 656 2775 suo
680 2715 748 2775 loco
771 2714 884 2792 templi
907 2715 1013 2775 uicino
1036 2720 1121 2775 actos
1138 2732 1204 2774 esse
1220 2710 1390 2791 Doerpield

324 2822 398 2881 Ath.
436 2817 543 2882 Mitth.
579 2822 651 2893 XX,
682 2822 745 2882 368
770 2840 838 2899 sqq.
864 2841 904 2880 ex
927 2840 963 2881 eo
987 2820 1156 2891 concludit,
1182 2819 1266 2898 quod
1291 2826 1390 2895 temp·

325 2929 402 2999 lum,
427 2929 461 2989 in
485 2948 548 3006 quo
572 2932 650 2989 ritus
674 2928 799 3012 Choum
820 2927 1072 3006 perficiebantur,
1091 2945 1269 3004 numquam
1286 2924 1390 2984 Lenaei

325 3053 391 3095 esse
427 3035 551 3108 dicitur,
587 3036 641 3097 sed
675 3054 800 3113 semper
836 3034 868 3092 τὸ
901 3029 931 3092 ἐν
955 3030 1088 3114 Λίμναις
1111 3033 1296 3112 appellatur,
1322 3029 1390 3092 Iudi

326 3148 433 3201 autem
460 3160 585 3220 semper
607 3143 640 3202 in
665 3143 778 3203 Lenaeo
803 3141 869 3201 dati
893 3160 960 3202 esse
984 3140 1161 3216 traduntur.
1209 3158 1248 3198 ex
1272 3138 1332 3197 hac
1355 3143 1391 3196 ut

326 3267 365 3307 ex
389 3248 523 3308 Gilberti
546 3249 703 3309 sententia
725 3248 877 3326 sequitur,
903 3255 938 3307 ut
962 3265 1081 3326 pompa
1104 3246 1242 3307 solennis
1266 3245 1391 3304 Lenaeo

325 3374 406 3425 rum,
443 3373 540 3432 quam
575 3355 843 3416 admInistrabant
872 3375 928 3414 rex
951 3360 982 3414 et
1006 3361 1172 3426 curatores,
1198 3352 1280 3413 aedes
1304 3351 1389 3412 adire

325 3481 389 3522 non
426 3461 573 3540 potuerit,
609 3462 694 3540 quod
729 3482 748 3522 a
783 3482 815 3521 re
851 3481 926 3522 uera
960 3461 1126 3521 abhorrere
1165 3459 1391 3520 animaduertit

326 3569 536 3629 Waohsnrutb
562 3568 644 3629 Abb.
667 3569 697 3628 d,
716 3570 817 3630 sache.
835 3570 906 3629 Ges.
925 3567 956 3629 d.
974 3568 1065 3629 Wiss.
1084 3567 1207 3640 XVIII,
1224 3587 1254 3645 p.
1273 3566 1324 3626 44.
1343 3583 1389 3642 sq.

326 3675 534 3753 quamobrem
569 3675 655 3736 aliud
685 3677 853 3754 templum,
878 3674 933 3735 ubi
958 3675 1090 3735 Lenaeus
1114 3672 1283 3745 colebatur,
1308 3690 1391 3750 quae·

325 3782 461 3843 rendum
497 3789 557 3853 est;
594 3782 708 3860 quodsi
744 3783 904 3843 Limuaeus
939 3789 971 3841 et
1004 3782 1136 3842 Lenaeus
1167 3799 1224 3840 suo
1256 3780 1390 3857 quisque

326 3891 394 3950 loeo
429 3890 621 3962 colebantur,
647 3890 727 3949 festa
751 3889 816 3949 duo
840 3890 936 3949 fuisse
960 3888 1111 3967 sequitur,
1136 3893 1170 3946 ut
1195 3887 1308 3946 Lenaea
1332 3872 1402 3946 Ga?

295 4046 298 4051 ,
326 3997 456 4058 melioni
491 3998 661 4057 attribuere
696 3997 865 4074 possImus
913 3996 972 4055 boc
1007 3996 1046 4055 de
1081 3994 1168 4053 Prott
1202 4002 1303 4071 putat,
1336 3990 1391 4069 qui

326 4104 500 4164 nouissime
524 4103 562 4162 de
586 4104 645 4163 hac
669 4123 701 4163 re
724 4103 850 4180 scripsit
874 4103 947 4163 Ath.
966 4102 1069 4162 Mitth.
1088 4100 1211 4172 XXIII,
1230 4100 1293 4159 205
1310 4118 1390 4176 sqq,
