3225 5034
739 354 939 414 —120-

304 549 385 610 opus
419 537 476 604 est,
508 550 582 593 cum
607 531 667 592 uiri
691 531 873 609 grauissimi
896 532 924 592 ei
948 532 993 591 rei
1017 552 1144 611 operam
1170 533 1375 594 nauauerint:

305 639 353 699 W.
390 639 595 712 Mannhardt,
630 639 845 699 Baumkultus
880 638 944 700 423
980 658 1049 717 sqq,
1086 641 1159 700 Ant.
1195 639 1273 700 Feld
1309 640 1376 701 und

304 745 489 806 Waldkulte
525 745 588 806 273
624 764 694 823 sqq,
730 745 784 805 ubi
821 745 951 824 nuptias
986 746 1143 808 Adonidis
1177 752 1209 808 et
1245 747 1377 808 Veneris

304 852 401 914 huius
435 853 557 930 generis
580 871 647 913 esse
672 852 883 927 demonstrat;
907 852 935 914 J.
963 854 1000 915 G.
1026 854 1145 927 Frazer,
1171 854 1238 915 The
1261 853 1376 933 golden

303 959 411 1038 bough
446 960 472 1033 Ι,
511 959 573 1020 102
609 978 678 1037 sqq,
714 960 770 1037 qui
805 958 927 1038 nuptiis
960 960 1076 1020 Bacchi
1100 965 1131 1021 et
1154 961 1270 1039 reginae
1294 962 1376 1022 hane

303 1075 451 1127 naturam
488 1066 639 1127 uindicat.
687 1066 774 1127 idem
810 1066 908 1127 etiam
942 1068 1194 1129 luculentissime
1218 1068 1375 1147 exposuit,

303 1174 359 1252 qui
394 1174 446 1235 his
480 1174 623 1235 moribus
646 1174 764 1235 inesset
787 1192 913 1244 sensus;
939 1194 1015 1234 nam
1037 1181 1146 1252 gentes
1169 1176 1244 1236 ferae
1262 1176 1377 1236 ritibus

303 1281 342 1354 ei,
379 1300 476 1358 quem
512 1286 677 1359 expetunt,
701 1282 746 1341 rei
770 1281 954 1342 assimilatis
978 1282 1061 1343 hanc
1084 1301 1151 1342 rem
1176 1301 1307 1343 euocare
1331 1301 1377 1343 so·

303 1389 384 1461 lent;
409 1407 458 1448 ex.
484 1407 508 1448 c.
536 1407 653 1466 aquam
678 1394 832 1468 spargunt
855 1395 892 1449 ut
915 1389 1042 1466 pluuias
1066 1389 1207 1462 eliciant;
1233 1390 1278 1450 sio
1301 1408 1378 1467 quo-

304 1513 366 1573 que
390 1494 619 1555 fecunditatem
643 1500 675 1556 et
697 1495 894 1556 fertilitatem
915 1515 1025 1574 parare
1041 1496 1146 1557 conati
1162 1501 1238 1557 sunt
1255 1496 1378 1574 magica

304 1602 520 1680 procreatione
555 1608 586 1662 et
620 1602 715 1676 coitu,
744 1621 842 1680 quem
866 1621 935 1663 moe
960 1602 1168 1664 uerecundior
1190 1604 1224 1663 in
1247 1602 1378 1682 nuptias

303 1708 394 1769 fictas
430 1709 577 1769 mutauit.
627 1709 675 1769 his
702 1709 798 1787 igitur
822 1709 914 1770 bonis
938 1710 1051 1770 urbem
1075 1708 1235 1770 afficiebat
1259 1710 1376 1788 regina,

304 1834 376 1893 quae
411 1834 500 1876 sacra
534 1834 591 1876 sua
625 1815 763 1877 faciebat
786 1809 861 1895 ὑπὲρ
885 1822 939 1897 τῆς
963 1810 1089 1883 πόλεως,
1114 1822 1150 1877 ut
1173 1816 1250 1877 dicit
1273 1824 1379 1877 orator

303 1922 338 1983 in
368 1923 467 1982 Neaer.
495 1922 565 1984 734
594 1923 706 1983 eodem
730 1942 825 1984 sensu
849 1923 993 2001 agricolae
1017 1923 1178 2002 Dionysiis
1201 1923 1378 2001 agrestibus

304 2028 461 2108 phanum,
498 2030 626 2107 signum
654 2030 800 2108 genitale,
826 2050 881 2109 per
904 2049 994 2108 agros
1018 2030 1172 2105 ferebant,
1196 2036 1228 2091 et
1250 2030 1379 2091 Lauinii

305 2135 414 2214 phallo
450 2155 600 2197 coronam
634 2137 821 2217 imponebat
856 2144 1002 2199 matrona
1031 2134 1073 2218 (p,
1099 2136 1169 2216 93);
1192 2137 1267 2197 ritui
1284 2137 1378 2197 Athe-

304 2242 407 2304 niensi
442 2243 636 2317 simillimus,
672 2257 872 2323 quamquam
902 2250 1030 2305 tantum
1053 2243 1094 2304 ob
1118 2244 1233 2304 liberos
1257 2263 1378 2323 procre-

304 2348 405 2410 andos
429 2369 532 2428 neque
556 2351 589 2410 in
614 2351 700 2411 feriis
723 2351 921 2412 sollennibus
947 2351 1051 2424 fiebat,
1077 2370 1146 2412 mos
1170 2357 1216 2412 est
1240 2351 1378 2423 italicus

305 2475 401 2534 quem
426 2458 566 2518 referunt
590 2464 695 2537 patres
719 2458 868 2520 ecclesiae.
916 2458 1063 2519 Tutunus
1087 2459 1173 2518 enim
1198 2458 1277 2518 deus
1301 2463 1378 2531 erat,

305 2565 386 2624 ouius
408 2566 582 2625 inmanibus
600 2567 753 2640 pudendis,
782 2565 889 2644 inquit
913 2565 1072 2626 Arnobius
1096 2565 1167 2625 adv.
1194 2571 1249 2625 nat
1272 2565 1327 2635 IV,
1348 2564 1378 2637 7,

304 2673 487 2747 horrentique
515 2673 633 2745 fascino
668 2679 781 2733 uestras
815 2675 977 2748 inequitare
1005 2679 1155 2732 matronas
1178 2672 1210 2743 (i.
1236 2691 1262 2731 e.
1288 2690 1381 2734 noum

304 2784 419 2853 nuptae,
444 2781 585 2852 nubantn,
611 2785 647 2839 ut
670 2780 764 2840 ceteri
786 2779 907 2851 dicunt,
926 2798 1005 2857 quos
1022 2779 1114 2839 affert
1130 2778 1380 2840 Preller·Jordan

304 2885 347 2958 ΙΙ,
374 2885 437 2946 218
462 2905 488 2946 a.
516 2883 546 2966 2)
571 2893 598 2946 ct
619 2888 796 2962 auspicabile
820 2888 924 2947 dantis
948 2892 975 2946 ct
996 2887 1118 2961 11111111,-
1140 2892 1207 2946 erat
1222 2885 1380 2945 nimirum

305 2992 485 3070 auspicium
514 2998 545 3053 et
568 2993 757 3068 remedium,
782 2998 819 3053 ut
846 2993 1107 3053 «matrimonium
1132 2993 1253 3054 iustum
1278 2995 1380 3052 libero·

304 3119 372 3159 rurn
401 3101 649 3175 procreandorum
683 3119 797 3161 causa»
837 3100 934 3162 fieret.
981 3099 1124 3160 eiusdem
1157 3099 1280 3177 generis
1304 3104 1381 3159 sunt

304 3225 398 3284 porro
434 3225 537 3268 mores
561 3207 634 3267 miri
657 3207 801 3284 gent-ium
826 3207 1027 3285 quarundam
1052 3206 1265 3279 orientalium,
1291 3205 1379 3284 apud

306 3331 385 3390 quas
421 3314 550 3373 ieminae
585 3314 744 3392 religionis
779 3332 874 3374 causa
909 3314 1001 3373 certis
1035 3313 1234 3393 temporibus
1267 3312 1380 3374 alienis

307 3420 383 3481 uiris
418 3439 450 3481 se
486 3419 676 3494 subdebant,
712 3426 748 3481 ut
775 3421 814 3481 de
838 3420 1001 3499 Babylone
1024 3420 1122 3481 tradit
1145 3419 1327 3480 Herodotus
1352 3419 1378 3493 I,

309 3526 382 3599 199,
419 3527 458 3586 do,
493 3527 598 3606 Cypro
633 3528 775 3589 Iustinus
810 3527 933 3618 lelll,
963 3528 992 3588 5.
1040 3528 1092 3588 hic
1115 3546 1242 3605 quoque
1266 3527 1379 3598 coitus,

305 3774 424 3827 serioris
453 3774 545 3826 aetatis
574 3774 773 3827 ascribendum
802 3790 874 3841 esse,
897 3774 1055 3840 presertim
1074 3791 1140 3827 cum
1159 3789 1274 3826 carmen
1294 3773 1380 3838 adsit,

306 3865 358 3916 sed
387 3864 424 3916 ab
452 3864 561 3930 origine
589 3865 626 3917 ob
652 3865 773 3916 eandem
799 3880 914 3917 causam
933 3879 966 3916 11
985 3863 1094 3930 nuptiae
1113 3863 1305 3916 Athenienses
1324 3862 1382 3914 fac·

306 3960 369 4006 tum
389 3968 460 4005 esee.
