3225 5034
672 362 849 427 ..77„..

224 546 354 608 credant
376 545 493 607 etalio
515 550 766 606 commemorato
780 543 956 607 offendent.
995 562 1103 606 nonne
1125 547 1295 608 sufiiciunt

223 652 255 713 h.
280 654 300 713 l.
328 670 441 715 uersus
473 653 539 713 iere
572 650 661 726 DCC,
697 651 753 729 qui
788 651 872 713 inter
905 650 1058 730 Dionysia
1092 652 1227 730 agrestia
1260 658 1295 714 et

223 759 326 821 Choes
359 758 533 820 celebratos
565 764 650 832 sunt,
685 757 861 836 inquibus
885 777 989 837 neque
1011 758 1164 838 Dionysia
1186 778 1292 838 neque

222 867 324 927 ullum
349 872 476 945 tempus
499 871 620 927 certum
644 866 935 926 commemoratur?

329 973 457 1045 Quaerat
479 977 586 1033 autern
610 971 736 1051 aliquis
763 990 820 1032 cor
835 972 1081 1051 Dicaeopolidem
1098 972 1197 1032 ambo
1210 973 1293 1033 festa

221 1079 338 1141 Bacchi
371 1079 584 1140 celebrantem
607 1078 714 1140 forent
739 1079 978 1157 Aristophanes.
1025 1079 1071 1139 nil
1095 1080 1196 1157 magis
1220 1098 1291 1140 con·

221 1193 424 1260 sentuosum
450 1205 526 1247 nam
549 1186 675 1248 etiamsi
698 1186 852 1264 Dionysia
875 1186 1009 1264 agrestia
1032 1191 1064 1246 et
1086 1185 1189 1247 Choes
1212 1186 1290 1247 eius·

221 1292 296 1354 dem
330 1293 483 1373 temporis
513 1312 577 1354 non
601 1298 686 1366 sunt,
710 1312 743 1353 rc
766 1293 935 1365 coherent,
959 1298 993 1353 et
1013 1310 1066 1354 eas
1089 1292 1194 1365 ferias,
1218 1311 1291 1370 quar

221 1401 367 1461 maxima
398 1419 474 1460 oum
496 1399 655 1461 hilaritate
678 1398 929 1471 celebrabantur,
955 1399 1009 1461 sed
1033 1399 1117 1460 bello
1141 1405 1291 1460 manente

220 1506 481 1586 prohibebantur,
517 1506 642 1568 ciuibus
666 1513 739 1566 ante
764 1508 874 1567 oculos
896 1525 1072 1586 proponere
1094 1507 1199 1567 uoluit
1222 1506 1289 1566 Ari·

220 1613 402 1693 stophanes,
419 1619 456 1674 ut
478 1632 514 1674 eo
537 1614 627 1692 pacis
648 1619 757 1674 auctor
779 1619 870 1674 esset.
911 1632 989 1673 nam
1011 1613 1078 1674 ficri
1094 1632 1159 1672 non
1175 1619 1290 1691 potest,

220 1721 300 1799 quin
323 1721 433 1781 omnia
455 1721 536 1781 ieste
556 1720 716 1799 imprimis
731 1720 931 1781 laetissimum
950 1720 1088 1798 quicque
1105 1719 1178 1780 belli
1195 1736 1291 1780 ceusu

219 1827 392 1887 imminuta
427 1827 520 1889 sint„
547 1829 654 1906 itaque
688 1827 862 1906 pristinum
893 1809 1096 1906 splendorem
1119 1845 1158 1887 ac
1179 1826 1289 1886 incun-

220 1932 363 2008 ditatem,
399 1952 471 2012 quae
505 1952 581 2013 pace
615 1934 701 1995 iacta
723 1934 949 2001 restitueretur,
973 1934 1008 1993 in
1031 1933 1218 1994 memoriam
1244 1950 1289 1992 re·

220 2040 349 2100 uocauit
371 2045 474 2119 poete.

326 2147 486 2219 Quoniam
509 2148 605 2226 igitur
628 2148 849 2208 Acbamenses
871 2166 935 2207 non
959 2145 1096 2220 obstant,
1114 2147 1289 2223 quominus

219 2253 372 2331 Dionysia
406 2254 540 2331 agrestia
574 2253 616 2314 ab
639 2253 848 2316 Anthesteriis
872 2258 1065 2332 separentur,
1090 2253 1153 2313 hcc
1174 2270 1287 2313 uerum

218 2378 286 2421 esse
310 2360 381 2422 aliis
403 2360 594 2422 testimoniis
625 2360 911 2421 demonstrandum
936 2369 991 2420 est.
1040 2378 1178 2437 quorum
1201 2359 1288 2419 rituti

218 2444 363 2546 primarii
386 2473 469 2529 sune.
506 2486 582 2528 eum
604 2467 674 2528 cm
698 2467 741 2541 11,
767 2467 826 2529 741
854 2463 965 2547 (rvr),
990 2466 1046 2527 uu
1069 2467 1156 2527 reeae
1178 2474 1289 2527 secus

218 2573 297 2634 dum
332 2578 461 2653 tempus
495 2592 527 2636 se
550 2574 724 2652 excipiunt,
749 2573 905 2651 Dionysia
925 2573 1033 2646 Piraea,
1058 2591 1132 2651 quae
1153 2572 1288 2650 agrestia

218 2698 286 2741 esse
320 2681 403 2741 inter
434 2699 544 2742 omnes
568 2686 702 2754 constet,
726 2686 799 2740 ente
824 2680 939 2740 lenaea
960 2685 1191 2751 recenseantur,
1217 2679 1287 2738 Dic

217 2787 311 2865 nysia
344 2789 479 2866 agrestia
512 2796 586 2848 ante
616 2788 731 2848 Lenaea
753 2793 825 2848 aeta
847 2795 878 2847 et
900 2786 944 2847 ab
967 2786 1178 2846 Anthesteriie
1200 2804 1285 2863 sepa

217 2899 287 2955 rata
309 2913 376 2956 esse
399 2901 539 2974 apparet.
564 2895 607 2956 de
627 2894 698 2955 oIA
721 2895 764 2963 Ii,
790 2894 855 2955 578
879 2898 910 2954 et
932 2893 1091 2971 Theophr.
1113 2892 1205 2953 Char.
1224 2892 1285 2966 HI,

217 3018 290 3078 quae
327 3000 508 3062 testimonia
547 3001 700 3079 Dionysia
738 3001 873 3079 agrestia
907 3000 1084 3061 accuratius
1118 2998 1286 3060 Posidecni

177 3189 180 3195 .
216 3107 405 3182 attribuunt,
429 3108 514 3168 inira
536 3126 639 3187 agam.

264 3439 420 3520 Utrum
450 3440 665 3540 Dionysia
695 3441 895 3544 aqrestis
926 3463 1030 3521 cum
1060 3441 1239 3522 Lenoeis

298 3565 578 3667 coniunqere
612 3560 751 3645 liceat
780 3587 941 3658 necne,
972 3565 1203 3671 quaeritur,

324 3744 373 3805 Ari
397 3750 596 3824 postremum
618 3752 711 3806 uetus
734 3747 802 3807 haec
826 3745 975 3823 Scaligeri
998 3746 1199 3824 aliorumque
1216 3765 1285 3807 sen-

216 3851 325 3922 tentia,
342 3851 394 3912 cui
409 3853 506 3913 etiarn
522 3858 595 3932 post
610 3851 867 3931 disquisitionem
882 3852 1034 3914 Boeckhii
1050 3851 1208 3913 Fritzsehe
1231 3869 1284 3931 pa·

216 3958 395 4019 troeinatus
414 3963 471 4031 est,
495 3957 651 4036 exigentia
666 3965 721 4020 est.
759 3958 892 4033 Gilbert‚
909 3959 966 4037 qui
981 3959 1134 4038 Dionysia
1149 3960 1286 4037 agrestia

216 4064 330 4125 Ienaea
354 4065 556 4127 Anthesteria
575 4065 749 4142 coniungit,
766 4064 922 4143 Dionysia
935 4066 1070 4144 agrestia
1084 4066 1157 4126 eiiis
1170 4064 1286 4126 diebus
