3225 5034
678 400 876 462 -109-

242 580 354 640 litterae
388 580 408 639 l.
447 578 464 639 7
501 579 624 639 detritae
647 578 869 651 iudicauerint,
894 577 1030 638 dubium
1054 586 1199 652 nonest,
1224 580 1310 659 quod

242 686 381 747 heroinae
415 687 467 747 hic
493 686 606 746 titulus
630 704 755 764 semper
778 684 906 746 heroem
930 684 1084 764 adiungit,
1110 687 1160 748 oni
1184 705 1310 748 sacrum

241 794 359 871 largius
387 792 530 864 offertum
555 811 673 853 nomen
697 793 801 853 solum
825 792 930 853 herois
953 793 1146 871 ignoramus.
1194 794 1309 869 Diony-

241 900 296 961 siis
331 900 506 977 agrestibus
541 918 613 977 ergo
648 899 841 960 Marathonii
869 899 1028 973 carebant,
1053 900 1080 960 si
1104 900 1235 977 quidem
1259 900 1310 961 de

241 1007 390 1067 marchas
424 1006 478 1066 hic
508 1011 544 1065 ut
578 1006 611 1065 in
642 1005 712 1065 aliis
736 1006 839 1065 demis
862 1006 901 1066 iis
926 1005 1124 1084 praesidebat.
1172 1027 1249 1067 nam
1273 1026 1310 1067 ea

241 1132 338 1182 sacra,
374 1131 445 1190 quae
468 1112 501 1172 in
525 1113 620 1172 titulo
643 1120 880 1187 enumerantur,
905 1112 1095 1175 demarchus
1118 1113 1310 1192 procurabat

240 1220 300 1296 (col
334 1221 360 1280 B
395 1221 414 1278 l.
448 1216 515 1299 23);
541 1239 586 1289 ea,
612 1238 683 1297 quae
707 1219 746 1279 de
770 1218 859 1279 Prott
881 1239 912 1298 p.
938 1219 981 1280 50
1005 1218 1172 1292 desiderat,
1196 1221 1309 1282 titulus

239 1328 358 1400 omisit,
383 1327 469 1405 quod
486 1346 505 1386 a
520 1325 737 1395 sacerdotibus
753 1327 889 1405 propriis
907 1326 1159 1404 perficiebantur.
1196 1326 1308 1388 eodem

239 1441 347 1494 autem
383 1452 491 1494 mense
528 1433 699 1494 Posideone
734 1433 934 1507 demarchus,
971 1442 1006 1493 ut
1039 1434 1308 1495 fecunditateme

239 1559 272 1602 se
295 1547 377 1601 terra
402 1539 557 1614 tunderet,
582 1534 639 1621 l‘r‘p
660 1534 692 1614 ἐγ
709 1539 795 1615 abac<
811 1559 943 1601 uaccam
960 1546 1175 1619 praegnantem
1193 1541 1307 1603 sacrifi·

239 1647 340 1708 nabat.
388 1647 462 1729 γύης
495 1647 582 1707 enim
609 1653 691 1707 terra
715 1647 827 1708 fertilis
851 1653 882 1707 et
905 1647 993 1707 lerax
1017 1654 1073 1720 est,
1099 1647 1308 1725 quamobrem

238 1754 306 1814 haec
330 1773 394 1814 uox
417 1752 457 1814 ad
481 1754 592 1813 aluum
616 1754 726 1814 matris
742 1772 826 1832 saepe
842 1755 1038 1814 transfertur.
1078 1754 1308 1814 eonferendum
1332 1825 1334 1830 ,

238 1867 286 1921 est
309 1879 444 1934 sacrum,
470 1860 556 1937 quod
580 1860 707 1937 Myconi
732 1859 782 1920 die
798 1860 873 1920 XII.
891 1860 1074 1921 Posideonis
1092 1860 1194 1921 Cereri
1211 1860 1308 1922 fiebat
1423 1909 1426 1915 .

238 1968 307 2046 syll.
340 1962 497 2028 Dittenb.¹
522 1964 615 2040 373,Β
640 1968 714 2040 615,
740 1966 779 2027 de
802 1967 891 2027 Prott
913 1968 984 2028 fast.
1010 1986 1087 2028 sacr.
1113 1968 1133 2026 4
1158 1968 1177 2028 l.
1206 1968 1242 2028 11
1270 1986 1308 2046 sq

238 2069 375 2155 Δήμητρι
400 2069 500 2156 Χλόηι
523 2066 575 2140 ’ὗες
602 2070 654 2132 oto
677 2070 941 2136 καλλιστεύουσαι.
982 2068 1023 2156 (ἡ)
1048 2068 1135 2155 ἑτέρη
1160 2068 1305 2154 ἐγκύμων.

345 2183 486 2260 Apparet
519 2181 615 2258 igitur
649 2180 804 2259 Dionysia
838 2182 972 2259 agrestia
1007 2199 1109 2240 unum
1133 2180 1172 2241 de
1196 2181 1307 2242 multis
1349 2189 1350 2193 ’

237 2287 352 2348 ritibus
376 2307 453 2360 esse,
478 2287 595 2365 quibus
619 2295 760 2348 semente
783 2288 964 2347 autumnali
987 2288 1072 2348 iacta
1088 2307 1106 2347 a
1122 2286 1184 2348 diis
1200 2288 1305 2349 fecun-

237 2394 370 2455 ditatem
406 2395 507 2456 Graeci
535 2395 759 2474 impetrabant,
785 2394 841 2473 qui
865 2394 1072 2455 creberrimus
1096 2399 1171 2468 erat,
1196 2412 1306 2472 quam-

237 2519 334 2578 quam
367 2502 438 2562 aliis
472 2502 549 2563 locis
577 2501 632 2561 alii
655 2501 839 2579 agebantur.
887 2500 1024 2580 phallus,
1049 2501 1104 2579 qui
1128 2501 1162 2561 in
1186 2521 1305 2580 pompa

236 2607 526 2682 circumferebatur,
562 2608 658 2668 huius
690 2608 734 2668 rei
757 2608 886 2685 signum
909 2616 940 2668 et
963 2606 1141 2668 remedium
1166 2608 1304 2687 simplex

236 2722 268 2775 et
290 2715 438 2776 natiuum
461 2721 536 2775 erat.

626 2996 691 3076 De
720 2996 911 3076 Lenaeis.

342 3196 443 3256 Multo
472 3195 584 3272 aegrius
608 3214 705 3273 quam
729 3200 905 3255 ceterorum
929 3195 1154 3272 Dionysiorum
1179 3194 1304 3280 Lenaeo-

234 3322 304 3361 rum
341 3302 421 3362 ratio
455 3301 607 3376 redditur,
644 3302 729 3380 quod
765 3302 804 3362 de
832 3301 1021 3362 caerimoniis
1045 3307 1076 3360 et
1100 3299 1222 3374 ritibus,
1247 3301 1303 3379 qui

234 3427 307 3469 cum
343 3409 382 3469 iis
414 3409 574 3469 coniuncti
598 3417 696 3480 erant,
722 3415 844 3469 ueteres
867 3427 957 3488 paene
980 3414 1120 3469 tacentes
1144 3406 1183 3467 de
1207 3412 1302 3467 certa·

234 3516 321 3576 mine
356 3516 422 3575 solo
448 3515 583 3575 Lenaico
606 3516 705 3576 uerba
727 3515 859 3576 faciunt.
907 3533 979 3575 oum
1005 3513 1196 3575 testimoniis
1220 3519 1302 3574 uete-

233 3642 305 3682 rum
329 3640 502 3696 careamus,
534 3642 550 3681 e
574 3623 704 3683 nomine
728 3623 809 3695 lesti,
835 3622 912 3700 qnid
936 3620 995 3682 sibi
1021 3620 1167 3696 uoluerit,
1191 3639 1303 3681 omnes
1371 3700 1374 3705 Ι

233 3748 340 3790 eruere
375 3730 479 3790 conati
514 3736 597 3791 sunt.
645 3730 705 3790 hoc
740 3730 816 3790 satis
851 3730 1019 3790 manifeste
1043 3748 1059 3788 e
1084 3726 1174 3809 ληνῷ,
1203 3728 1300 3806 prelo,

233 3837 415 3897 deriuatum
452 3854 520 3897 esse
558 3835 737 3910 uidebatur,
774 3855 871 3914 quam
907 3835 1200 3914 interpretationem
1235 3835 1301 3894 iam

233 3943 324 4003 Diod.
350 3943 410 4004 Sio.
436 3943 496 4014 III,
521 3943 562 4004 63
587 3943 760 4022 proposuit.
808 3960 905 4020 quare
929 3960 1039 4002 omnes
1062 3961 1152 4019 paene
1168 3941 1201 4001 in
1218 3941 1301 4001 hanc

233 4050 423 4110 sententiam
447 4049 552 4110 abiere
575 4056 756 4127 temporum
780 4049 936 4109 rationem
961 4049 1012 4108 uel
1036 4048 1228 4126 negligentes
1248 4048 1300 4106 uel
