3225 5034
683 358 860 419 „37-

344 537 485 615 Tempus
507 536 604 615 igitur
627 537 852 615 Dionysiorum
877 536 1048 613 agrestium
1072 541 1103 597 et
1118 536 1304 597 Lenaeorum

236 662 311 704 cum
347 627 512 703 uindemia
546 663 611 703 non
646 643 803 721 congruit;
829 662 926 721 quare
950 642 975 703 si
1000 643 1051 703 cui
1074 643 1135 703 hoc
1158 661 1306 704 concesso

237 770 348 811 uocem
373 751 559 811 Leuaeorum
584 771 601 810 e
625 747 716 831 ληνῷ,
740 752 837 829 prelo,
864 749 1000 810 deriuari
1024 749 1103 809 adeo
1123 756 1243 810 certum
1261 750 1305 810 ui·

237 961 286 1014 cal.
306 960 379 1028 Sept.
405 960 591 1014 Vindemiator
609 960 735 1014 exoratur
753 977 840 1027 raone,
859 963 887 1013 et
903 960 1041 1013 Arcturus
1053 959 1153 1027 incipit
1164 958 1305 1025 occidere),

236 1051 313 1117 apud
341 1067 414 1117 quos
445 1050 670 1102 vindemitorem
701 1056 730 1102 et
753 1052 907 1102 Arcturum
927 1050 999 1101 duas
1019 1049 1117 1101 stellas
1136 1065 1201 1101 esse
1219 1050 1307 1101 mani-

236 1141 344 1191 festum
367 1146 420 1192 est.
459 1140 629 1205 quibuscum
650 1139 844 1191 calendarium
865 1138 957 1191 Clodii
977 1139 1061 1190 Tusci
1082 1139 1122 1203 (in
1142 1139 1215 1191 libro
1235 1138 1307 1205 Lydi

234 1229 273 1281 de
301 1235 354 1281 ost.
384 1229 428 1281 ed.
459 1227 659 1292 Wachsmuth)
677 1229 830 1280 consentit.
850 1227 896 1279 die
916 1229 1012 1280 XXII.
1036 1230 1107 1292 Aug.
1131 1228 1219 1293 Virgo
1241 1228 1258 1278 i.
1281 1243 1306 1279 e.

236 1324 324 1384 caput
351 1318 487 1383 Virginis,
517 1318 639 1369 XXVII.
659 1318 842 1369 vindemitor
859 1315 1016 1386 (τρυχητής)
1034 1317 1101 1368 oriri
1121 1316 1233 1369 dicitur.
1270 1316 1307 1368 ad

236 1408 314 1459 diem
341 1408 439 1459 XXX.
464 1407 525 1458 haec
544 1407 632 1458 habet
651 1403 760 1473 ὁμοίως,
779 1411 830 1475 τῆς
849 1404 984 1471 παρθένου
1004 1402 1174 1474 ἀνισχούσης,
1193 1406 1241 1457 ubi
1261 1421 1307 1456 ne·

238 1497 297 1548 scio
316 1513 353 1548 an
367 1496 470 1548 melius
485 1491 508 1545 οἱ
522 1490 591 1563 ὦμοι
603 1501 653 1565 τῆς
666 1494 801 1563 παρθένου
817 1493 951 1565 ἀνίσχουσι
964 1496 1117 1555 scribatur3
1131 1495 1167 1546 de
1180 1495 1216 1545 iis
1229 1495 1307 1546 enim

238 1586 283 1650 agi
312 1603 327 1637 e
356 1585 466 1637 Colum.
489 1586 540 1646 XI,
561 1584 586 1650 2,
605 1584 640 1637 58
659 1593 736 1638 recte
757 1586 945 1637 Wachsmuth
967 1585 1003 1637 ad
1023 1586 1040 1636 l.
1060 1584 1209 1647 conclusit,
1229 1589 1258 1636 et
1276 1584 1307 1634 in

237 1675 292 1726 hoc
327 1675 391 1740 ipso
422 1674 585 1726 calendario
616 1674 711 1726 media
743 1675 830 1740 Virgo
861 1674 907 1726 die
939 1675 990 1726 IX.
1023 1673 1099 1739 Sept.
1132 1673 1237 1725 exoriri
1268 1672 1307 1724 di·

236 1764 311 1815 citur
331 1764 381 1823 (sic
401 1779 478 1815 nunc
499 1764 596 1828 Unger
614 1764 644 1814 in
664 1764 708 1815 ed.
728 1765 855 1816 secunda
874 1763 1102 1828 Wachsmuthii).
1140 1779 1228 1828 quare
1242 1763 1307 1815 Vin-

236 1853 408 1904 demitorem
441 1853 527 1904 huius
555 1852 710 1904 calendarii
739 1854 862 1905 eundem
892 1854 985 1905 locum
1014 1869 1047 1904 ac
1075 1853 1306 1905 Prouindemiam

237 1958 326 2007 supra
354 1958 483 1994 umerum
513 1942 641 2007 Virginis
659 1948 848 2009 occupantem
868 1943 988 1994 eandem
1008 1957 1073 1994 esse
1092 1942 1205 1994 stellam
1224 1957 1308 2007 appa-

236 2037 290 2082 ret.
328 2032 378 2083 sed
407 2032 442 2083 ad
471 2031 547 2083 diem
577 2033 625 2085 IV.
649 2032 725 2097 Sept.
745 2038 826 2083 extat
846 2028 989 2099 ἀρκτοῦρος
1010 2028 1110 2099 ἀνίσχει
1129 2030 1172 2080 σὺν
1191 2036 1227 2098 τῷ
1247 2047 1308 2098 τρυ-

237 2125 323 2188 χητχ;
344 2122 421 2172 hunc
442 2121 669 2173 Vindemitorem
690 2120 802 2173 stellam
824 2121 926 2172 sideris
946 2121 1060 2172 Arcturi
1080 2136 1144 2171 csse
1162 2136 1234 2186 opus
1249 2137 1308 2172 non

238 2214 297 2271 est;
318 2226 383 2260 nam
404 2209 504 2260 eodem
526 2210 610 2261 modo
629 2210 693 2261 aliis
713 2210 783 2261 locis
803 2210 839 2261 de
858 2210 971 2261 duobus
991 2209 1134 2261 sideribus
1148 2210 1307 2261 unaorien-

237 2298 316 2349 tibus
344 2298 449 2350 dicitur
476 2314 521 2350 ex.
550 2315 573 2351 c.
611 2299 647 2351 ad
675 2299 751 2351 diem
782 2300 860 2350 XIV.
885 2300 961 2365 Sept.
982 2294 1010 2347 αἱ
1028 2294 1152 2356 πλειάδες
1172 2295 1308 2366 ἀνίσχουσι

238 2386 282 2437 σὺν
310 2391 346 2453 τῷ
373 2382 455 2454 ἵππῳ;
485 2393 515 2438 et
543 2393 682 2453 praeterea
709 2388 798 2452 sidus,
827 2389 857 2440 in
886 2404 942 2454 quo
973 2391 1110 2439 Arcturus
1129 2393 1182 2452 est,
1203 2389 1307 2441 Aratus

239 2475 381 2528 Geminus
407 2477 579 2528 Ptolemaeus
598 2478 847 2544 Arctophylacem,
867 2477 978 2529 stellam
999 2505 1030 2513 -
1052 2493 1115 2542 quae
1135 2477 1221 2529 etiam
1242 2478 1307 2527 Vin·

239 2565 362 2617 demitor
390 2581 455 2617 esse
484 2566 611 2618 creditur
639 2593 671 2601 -
701 2568 854 2618 Arcturum
878 2572 989 2618 uocant.
1028 2566 1259 2617 Prouindemiam
1279 2571 1330 2618 et·

240 2655 393 2706 Arcturum
422 2656 458 2706 ad
487 2655 610 2706 eundem
640 2655 715 2706 diem
745 2655 856 2720 referri,
875 2671 1048 2721 quamquam
1068 2655 1117 2707 illa
1136 2656 1221 2719 paulo
1240 2660 1307 2707 ante

238 2743 317 2794 huuc
336 2743 426 2794 oritur
446 2744 605 2795 Euctemon
624 2744 701 2809 apud
715 2744 1003 2810 Pseudo-Geminum,
1016 2744 1064 2809 qui
1079 2745 1307 2796 Vindemitorem

239 2833 276 2884 ab
304 2833 425 2885 Arcturo
454 2833 610 2898 seiungens
633 2850 696 2884 cum
717 2834 821 2885 ceteris
840 2834 994 2899 conspirat,
1014 2839 1137 2886 testatur
1157 2829 1308 2902 Εὐκτήμονι

239 2921 425 2991 προτρυγητὴρ
441 2920 569 2989 φαίνεται,
583 2918 711 2971 ἐπιτέλλει
731 2919 757 2972 δὲ
772 2922 817 2972 καὶ
832 2920 973 2991 ἀρκτοῦρος
985 2924 1043 2987 (VI.
1055 2923 1149 2988 Sept).
1169 2923 1308 2975 differunt

239 3011 316 3063 inter
342 3028 374 3063 se
402 3029 539 3078 apparere
568 3016 597 3064 et
616 3013 730 3065 exoriri.
768 3029 855 3078 quare
875 3013 960 3064 credo
979 3012 1196 3077 epitomatorem
1217 3013 1307 3063 calen-

239 3101 311 3152 darii
341 3100 433 3152 Clodii
459 3101 551 3164 Tusci,
581 3118 645 3153 cum
673 3118 719 3153 res
739 3102 768 3153 in
788 3102 906 3154 breuius
926 3116 1026 3166 cogere
1046 3101 1141 3163 uellet,
1161 3117 1209 3152 eas
1230 3105 1307 3153 recte

239 3189 361 3241 definire
380 3190 521 3242 omisisse.
559 3206 604 3242 ex.
625 3208 647 3242 c.
668 3207 840 3256 quamquam
862 3192 1000 3242 Arcturus
1019 3190 1065 3241 die
1084 3191 1133 3241 IV.
1154 3191 1229 3255 Sept.
1243 3205 1307 3241 exo·

239 3278 288 3329 riri
311 3283 341 3330 et
364 3279 440 3330 VIII.
464 3295 602 3345 apparere
617 3280 729 3343 dicitur,
743 3281 789 3331 die
814 3281 878 3331 XII.
893 3281 988 3331 denuo
1002 3279 1106 3331 exoriri
1121 3280 1306 3343 significatur.

239 3368 276 3419 ad
289 3368 361 3419 duas
376 3375 471 3433 partes
485 3369 588 3419 sideris
599 3370 646 3420 uel
656 3370 728 3421 duos
739 3375 880 3434 auctores,
891 3385 962 3434 quos
973 3368 1135 3434 significare
1145 3368 1252 3420 oblitus
1263 3372 1308 3420 est

240 3457 420 3522 epitomator,
442 3458 502 3509 baec
521 3459 674 3510 referenda
687 3466 762 3510 suut.
795 3474 858 3524 quae
872 3474 936 3509 cum
951 3458 991 3509 ita
1004 3457 1072 3521 sint,
1085 3457 1172 3522 uulgo
1185 3460 1308 3509 eandem

241 3546 352 3598 stellam
366 3547 593 3598 Vindemitorem
605 3563 637 3599 ac
648 3548 880 3623 Prouindemiam
891 3547 1063 3612 appellatam
1075 3563 1139 3598 esse
1150 3546 1307 3598 uerisimile

240 3641 296 3695 est;
317 3650 380 3687 eam
402 3636 523 3700 primum
546 3636 752 3688 vindemitoris
772 3653 877 3687 nomen
898 3636 1043 3701 habuisse,
1057 3640 1187 3702 posteros
1201 3642 1305 3700 autem,
1356 3673 1364 3690 ι

240 3725 288 3789 qui
308 3725 338 3775 in
358 3726 444 3777 rebus
464 3725 642 3790 astrologicis
661 3727 853 3777 accuratiores
871 3730 961 3789 erant,
975 3742 1039 3776 cum
1054 3741 1116 3777 eam
1131 3725 1207 3777 haud
1222 3726 1307 3791 paulo

240 3819 307 3865 ante
328 3813 503 3865 uindemiam
523 3814 627 3864 exoriri
643 3814 888 3880 obseruauissent,
902 3829 1007 3866 nomen
1020 3815 1050 3865 in
1066 3814 1307 3879 Prouindemiam,

240 3908 454 3970 προτρυχητὴροι,
468 3903 543 3967 quod
555 3903 650 3967 aptius
661 3910 730 3966 erat,
742 3904 901 3955 mutauisse
912 3905 1004 3955 credo.
1031 3919 1095 3955 cum
1107 3904 1193 3968 igitur
1203 3903 1307 3954 Vinde-

240 3991 352 4042 mitoris
365 4007 471 4042 nomen
485 4007 731 4057 superuacaneum
746 3993 853 4043 factum
868 3998 954 4055 esset,
968 3992 1024 4044 alia
1034 3993 1117 4044 stella
1127 3993 1228 4044 eodem
1238 3997 1306 4042 tem·

240 4096 309 4146 pore
323 4080 458 4132 exoriens
472 4082 513 4131 sic
527 4080 664 4146 appellari
679 4082 772 4146 potnit
785 4087 818 4132 ut
832 4083 970 4133 Arcturus
983 4083 1073 4133 schol.
1087 4081 1123 4133 ad
1139 4079 1306 4133 Arataei.
