3225 5034
741 406 942 465 -116-

308 586 359 646 his
395 585 506 646 diebus
542 582 692 644 omnibus
727 582 885 656 remediis,
922 601 993 661 quse
1026 582 1218 642 amanibus
1241 600 1274 642 se
1296 580 1379 641 tueri

308 691 370 754 sibi
405 696 635 769 persuaserant,
674 690 772 767 uulgo
807 690 856 750 usi
892 695 967 751 sunt
990 688 1135 766 (Photius
1160 686 1256 767 pispir
1278 682 1380 770 ἡμέρα

306 799 406 875 (XCI)
434 807 466 858 et
490 791 603 877 ῥάμνος
626 797 753 868 (XCII).
778 798 819 857 cf.
844 795 966 870 Rohde,
991 795 1111 874 Psyche
1139 793 1180 867 2Ι,
1206 794 1269 855 237
1294 814 1321 854 a.
1348 790 1378 875 3)

308 925 348 966 ex
371 904 533 982 Hesychio
557 924 581 965 s.
606 923 637 963 u.
664 903 771 983 μιαραὶ
794 897 908 985 ἡμέραι
931 902 1063 979 (XCIII)
1085 921 1149 962 non
1173 902 1280 962 solum
1300 900 1379 962 Cho-

308 1032 364 1072 um
393 1011 479 1071 diem
494 1005 516 1090 ¹)
544 1011 705 1071 nefastum
729 993 828 1071 iuIsse
851 1017 985 1082 constat,
1010 1009 1065 1069 sed
1089 1009 1237 1087 inprimis
1260 1008 1380 1069 scilieet

307 1119 501 1197 Chytrorum
543 1136 670 1195 quoque
709 1117 805 1192 diem,
845 1135 908 1194 quo
947 1135 1035 1176 sacra
1072 1116 1182 1176 inieris
1220 1115 1379 1203 praecipue

307 1225 428 1286 fiebant
443 1221 477 1304 ⁹).
525 1224 564 1284 de
599 1215 771 1302 Pithoegiis
805 1222 994 1284 Eustathius
1024 1222 1063 1283 ed
1090 1216 1414 1300 1111526111111χ

306 1332 393 1393 idem
428 1337 576 1404 testatur;
613 1350 708 1408 quem
744 1330 829 1391 diem
862 1348 1059 1408 quamquam
1085 1330 1212 1390 Proelus
1236 1329 1275 1389 ad
1301 1328 1377 1389 Hes.

306 1459 358 1518 op.
384 1457 414 1499 u.
441 1436 505 1499 366
530 1433 642 1518 (LVII)
665 1443 696 1498 et
719 1438 775 1517 qui
798 1457 872 1497 eum
897 1437 1073 1515 exscripsit,
1098 1437 1223 1497 Tzetzes
1247 1436 1287 1497 ad
1312 1437 1331 1495 l.
1358 1436 1378 1496 l.

315 1545 447 1623 LVIII),
483 1545 566 1605 inter
600 1546 680 1605 festa
714 1551 848 1623 paterna
871 1553 1050 1612 numerant,
1076 1544 1246 1622 posteriore
1270 1551 1379 1604 tamen

417 1719 436 1786 ¹)
454 1720 566 1773 (iheum
594 1721 670 1773 diem
699 1721 844 1772 nefastum
873 1720 964 1772 tuisse
992 1736 1027 1772 ex
1056 1735 1090 1771 eo
1117 1734 1231 1785 quoque
1251 1724 1380 1785 apparet,

305 1811 384 1877 quod
412 1810 520 1875 templa
547 1825 581 1861 eo
609 1810 655 1862 die
675 1810 771 1862 clausa
793 1814 883 1862 erant.
919 1809 1132 1876 (Phanodemus
1152 1824 1197 1874 ap.
1216 1808 1321 1860 Athen.
1341 1808 1379 1872 X,

306 1899 359 1951 437
379 1898 402 1952 G
419 1915 453 1963 sq
465 1897 567 1964 (LXX)
579 1899 809 1964 Demophontem
823 1898 925 1951 Oresta
937 1898 1109 1950 adueniente
1121 1898 1230 1963 templa
1242 1898 1381 1950 clausisse

307 1988 421 2052 narrat).
459 1987 505 2039 his
533 1987 635 2040 diebus
663 1988 750 2039 etiam
777 1987 897 2040 funibus
925 1987 1033 2053 templa
1060 1987 1258 2053 circumsaepta
1280 2002 1344 2039 esse
1363 2002 1381 2038 e

307 2078 423 2130 Polluce
451 2077 530 2139 VIII,
561 2076 610 2128 141
631 2076 799 2141 colligimus.
820 2077 940 2143 Alciphr
958 2077 994 2142 II,
1014 2077 1039 2141 3,
1061 2077 1092 2128 11
1111 2075 1182 2142 (GV)
1200 2077 1236 2128 ad
1255 2075 1380 2143 Chytros

305 2170 438 2233 spectare
456 2166 506 2218 uix
526 2165 648 2217 uidetur.

415 2252 436 2318 ²)
454 2256 506 2307 Est
532 2255 593 2306 haec
620 2254 786 2320 superstitio
805 2254 964 2320 antiquitus
983 2255 1094 2318 tradita,
1114 2270 1186 2321 quae,
1205 2270 1379 2321 quamquam

304 2344 474 2398 conuiuium
503 2342 615 2396 Choum
643 2343 746 2408 gaudio
774 2349 803 2395 et
831 2343 901 2395 uino
929 2342 1047 2409 uinique
1065 2343 1118 2396 deo
1137 2347 1230 2396 totum
1249 2344 1379 2396 deditum

306 2437 377 2498 erat,
409 2434 439 2485 in
470 2432 575 2485 animis
606 2432 705 2498 populi
736 2432 865 2484 residens
897 2432 933 2485 ab
964 2432 1074 2498 origine
1102 2433 1156 2485 hoc
1184 2434 1291 2486 testum
1319 2449 1380 2486 uer-

307 2523 372 2575 nale
390 2523 549 2574 interorum
568 2521 660 2573 fuisse
678 2520 794 2574 indicat.
832 2521 950 2574 inferias
969 2522 1101 2574 uernales
1120 2522 1281 2588 Apolloniis
1300 2527 1380 2575 actas

305 2627 373 2664 esse
400 2611 623 2663 Anthesterione
651 2625 751 2662 mense
769 2610 956 2676 Hegesander
974 2611 1062 2663 tradit
1080 2611 1156 2677 apud
1175 2612 1242 2664 Ath.
1262 2613 1333 2664 VIII
1351 2629 1379 2679 p.

303 2701 360 2754 334
387 2701 410 2751 F
437 2699 573 2752 stolidam
594 2698 721 2751 fabulam
742 2699 929 2764 aetiologicam
949 2714 1077 2751 narrans.
1097 2700 1127 2751 in
1145 2700 1265 2753 BoeotIa
1283 2702 1380 2767 Agrio-

305 2791 363 2854 nio,
392 2789 442 2856 qui
470 2788 689 2855 Elaphebolioni
715 2788 878 2855 respondet,
898 2788 1008 2841 inferia
1032 2805 1138 2842 nomen
1156 2789 1331 2843 indiderunt.
1350 2807 1378 2844 u.

306 2878 416 2943 Rohde,
445 2875 569 2944 Psyche²
587 2878 601 2929 I
619 2894 647 2944 p.
671 2877 724 2931 236
743 2894 767 2929 6.
787 2877 813 2944 3,
832 2877 882 2943 qui
900 2878 937 2930 de
955 2879 1009 2931 hac
1029 2883 1109 2944 parte
1128 2879 1379 2933 Anthesteriorum

304 2967 536 3021 luculentissime
555 2967 678 3020 disserit.
711 2972 849 3020 autumno
869 2967 916 3019 die
935 2968 1035 3033 quinto
1054 2968 1272 3021 Boedromionis
1291 2969 1380 3021 mani·

304 3057 361 3110 bus
381 3056 506 3109 Genesia
524 3057 646 3109 Athenis
665 3058 832 3123 agebantur.
863 3057 926 3108 aliis
944 3072 1057 3122 quoque
1070 3057 1140 3110 locis
1153 3058 1231 3110 feriae
1244 3059 1380 3112 manibus

303 3151 336 3198 et
366 3162 435 3199 uere
462 3150 491 3198 et
518 3151 656 3199 autumno
685 3151 754 3198 acta
782 3150 859 3198 sunt.
897 3146 995 3199 Romae
1022 3147 1134 3198 inieriae
1153 3162 1177 3199 a.
1197 3148 1223 3199 d.
1242 3148 1294 3200 XI.
1314 3148 1378 3200 Kal.

305 3236 390 3288 Mart.
422 3235 624 3300 offerebantur,
656 3240 795 3288 autumno
826 3236 952 3288 mundus
979 3240 1036 3288 tres
1064 3236 1126 3288 dies
1155 3237 1281 3303 patebat,
1309 3237 1379 3289 dum

305 3340 407 3377 manes
434 3324 510 3376 inter
537 3324 621 3377 uiuos
649 3325 846 3378 uersabantur.
871 3330 983 3377 ueteres
1002 3326 1096 3378 Persae
1115 3325 1227 3378 animos
1247 3326 1380 3379 colebant

306 3418 436 3479 tempore
463 3414 784 3480 Hamaspathmaedaya
811 3413 888 3466 dieto
914 3429 931 3466 a
958 3414 994 3466 X.
1023 3414 1059 3466 ad
1087 3414 1153 3467 XX.
1177 3415 1255 3467 diem
1274 3414 1379 3467 Martii.

306 3505 444 3568 praeterea
471 3502 575 3554 mirum
600 3508 739 3569 quantum
759 3503 789 3554 in
808 3504 863 3555 hae
881 3502 1085 3569 superstitione
1104 3503 1297 3557 cumGraecis
1316 3519 1379 3556 con-

306 3591 436 3643 ueniunt.
455 3608 483 3644 u.
511 3592 543 3646 la
563 3593 712 3668 Lehmann
731 3593 917 3645 Zarathustra
935 3592 968 3645 81
989 3609 1022 3659 sq
1040 3593 1174 3659 (Haunioe
1194 3592 1281 3658 1899).
1313 3593 1380 3645 alte-

305 3696 369 3732 rum
398 3682 505 3733 festum
532 3682 649 3735 uernale
676 3682 869 3735 Athenienses
897 3683 1030 3737 manibus
1059 3683 1182 3749 agebant
1209 3684 1307 3735 Diasia
1331 3682 1379 3736 die

306 3769 418 3823 XXIII.
437 3770 668 3824 Anthesterionis
685 3774 723 3837 (u.
743 3772 833 3824 schol.
853 3772 889 3823 ad
908 3772 956 3826 Ar.
976 3773 1049 3825 Nub.
1069 3788 1088 3825 u
1101 3771 1172 3838 408)
1185 3788 1249 3838 quae
1263 3771 1379 3839 Chytris

304 3857 413 3910 similia
431 3862 521 3925 erant,
540 3859 595 3912 alio
614 3865 712 3914 tamen
728 3862 791 3914 loco
804 3860 1024 3914 celebrabantur
1035 3858 1095 3928 (ἔξω
1109 3867 1159 3930 τῆς
1173 3857 1278 3920 πόλεως
1290 3863 1379 3915 Thuc.

305 3947 329 4014 Ι,
350 3948 419 4012 126).
456 3947 531 4000 festa
553 3948 675 4002 duorum
694 3950 820 4003 locorum
840 3954 909 4002 sunt
928 3950 964 4002 ad
983 3951 1104 4003 eandem
1123 3966 1183 4003 rem
1196 3950 1378 4016 pertinentia,

304 4052 379 4104 quae,
398 4052 572 4103 quamquam
591 4039 723 4092 cluitatcs
742 4039 915 4104 coaluerant,
935 4045 1105 4093 conseruata
1122 4040 1180 4093 ritu
1199 4044 1296 4093 uetere
1308 4055 1379 4092 sem·

306 4141 358 4192 per
375 4126 542 4192 agebantur.
