<?xml version="1.0" encoding="UTF-8"?>
<!DOCTYPE html PUBLIC "-//W3C//DTD XHTML 1.0 Transitional//EN"
    "http://www.w3.org/TR/xhtml1/DTD/xhtml1-transitional.dtd">
<html xmlns="http://www.w3.org/1999/xhtml" xml:lang="en" lang="en">
 <head>
  <title>
</title>
<meta http-equiv="Content-Type" content="text/html;charset=utf-8" />
  <meta name='ocr-system' content='tesseract 3.04.00' />
  <meta name='ocr-capabilities' content='ocr_page ocr_carea ocr_par ocr_line ocrx_word'/>
</head>
<body>
  <div class='ocr_page' id='page_1' title='image "./studiadedionysi00nilsgoog_0102.png"; bbox 0 0 3225 5034; ppageno 0'>
   <div class='ocr_carea' id='block_1_1' title="bbox 763 396 936 457">
    <p class='ocr_par' dir='ltr' id='par_1_1' title="bbox 763 396 936 457">
     <span class='ocr_line' id='line_1_1' title="bbox 763 396 936 457; baseline 0 -20"><span class='ocrx_word' id='word_1_1' title='bbox 763 396 936 457; x_wconf 69' lang='lat'>-90„.</span> 
     </span>
    </p>
   </div>
   <div class='ocr_carea' id='block_1_2' title="bbox 314 574 1386 3317">
    <p class='ocr_par' dir='ltr' id='par_1_2' title="bbox 314 574 1386 3317">
     <span class='ocr_line' id='line_1_2' title="bbox 315 574 1382 653; baseline 0 -18"><span class='ocrx_word' id='word_1_2' title='bbox 315 575 364 635; x_wconf 90' lang='lat' dir='ltr'>bis</span> <span class='ocrx_word' id='word_1_3' title='bbox 391 576 424 634; x_wconf 91' lang='lat' dir='ltr'>in</span> <span class='ocrx_word' id='word_1_4' title='bbox 448 576 545 636; x_wconf 88' lang='lat' dir='ltr'>schol.</span> <span class='ocrx_word' id='word_1_5' title='bbox 571 575 611 635; x_wconf 90' lang='lat' dir='ltr'>ad</span> <span class='ocrx_word' id='word_1_6' title='bbox 635 576 689 634; x_wconf 92' lang='lat' dir='ltr'>Ar.</span> <span class='ocrx_word' id='word_1_7' title='bbox 714 574 797 635; x_wconf 88' lang='lat' dir='ltr'>Nub.</span> <span class='ocrx_word' id='word_1_8' title='bbox 823 594 853 635; x_wconf 90' lang='lat' dir='ltr'>u.</span> <span class='ocrx_word' id='word_1_9' title='bbox 880 575 953 648; x_wconf 79' lang='lat'><strong>296,</strong></span> <span class='ocrx_word' id='word_1_10' title='bbox 979 575 1034 635; x_wconf 91' lang='lat' dir='ltr'>uhi</span> <span class='ocrx_word' id='word_1_11' title='bbox 1058 594 1132 635; x_wconf 89' lang='lat' dir='ltr'>cum</span> <span class='ocrx_word' id='word_1_12' title='bbox 1154 575 1232 635; x_wconf 91' lang='lat' dir='ltr'>iocis</span> <span class='ocrx_word' id='word_1_13' title='bbox 1255 594 1272 634; x_wconf 90' lang='lat' dir='ltr'>e</span> <span class='ocrx_word' id='word_1_14' title='bbox 1296 575 1382 653; x_wconf 91' lang='lat' dir='ltr'>plau·</span> 
     </span>
     <span class='ocr_line' id='line_1_3' title="bbox 315 663 1383 762; baseline -0.002 -20"><span class='ocrx_word' id='word_1_15' title='bbox 315 683 388 743; x_wconf 88' lang='lat' dir='ltr'>stris</span> <span class='ocrx_word' id='word_1_16' title='bbox 411 682 588 761; x_wconf 89' lang='lat' dir='ltr'>composita</span> <span class='ocrx_word' id='word_1_17' title='bbox 611 692 642 741; x_wconf 92' lang='lat' dir='ltr'>et</span> <span class='ocrx_word' id='word_1_18' title='bbox 658 682 848 760; x_wconf 86' lang='lat' dir='ltr'>interpolata</span> <span class='ocrx_word' id='word_1_19' title='bbox 864 687 919 742; x_wconf 88' lang='lat' dir='ltr'>est.</span> <span class='ocrx_word' id='word_1_20' title='bbox 949 675 976 739; x_wconf 82' lang='lat' dir='ltr'>ei</span> <span class='ocrx_word' id='word_1_21' title='bbox 993 663 1232 762; x_wconf 72' lang='grc' dir='ltr'>τρυγοδαίμονές·</span> <span class='ocrx_word' id='word_1_22' title='bbox 1252 675 1278 740; x_wconf 86' lang='grc' dir='ltr'>οἱ</span> <span class='ocrx_word' id='word_1_23' title='bbox 1295 699 1383 762; x_wconf 81' lang='grc' dir='ltr'>τοτη-</span> 
     </span>
     <span class='ocr_line' id='line_1_4' title="bbox 316 782 1381 870; baseline -0.001 -23"><span class='ocrx_word' id='word_1_24' title='bbox 316 790 374 848; x_wconf 86' lang='grc' dir='ltr'>ταί·</span> <span class='ocrx_word' id='word_1_25' title='bbox 411 784 515 870; x_wconf 83' lang='grc' dir='ltr'>ἐπειδὴ</span> <span class='ocrx_word' id='word_1_26' title='bbox 543 789 594 870; x_wconf 82' lang='grc' dir='ltr'>τὴν</span> <span class='ocrx_word' id='word_1_27' title='bbox 619 788 712 866; x_wconf 78' lang='grc' dir='ltr'>τρυγα</span> <span class='ocrx_word' id='word_1_28' title='bbox 734 782 901 869; x_wconf 74' lang='grc' dir='ltr'>χριόμενον,</span> <span class='ocrx_word' id='word_1_29' title='bbox 924 782 975 850; x_wconf 79' lang='grc' dir='ltr'>ἵνα</span> <span class='ocrx_word' id='word_1_30' title='bbox 998 790 1039 870; x_wconf 78' lang='grc' dir='ltr'>μὴ</span> <span class='ocrx_word' id='word_1_31' title='bbox 1064 790 1206 868; x_wconf 78' lang='grc' dir='ltr'>γνώριμοι</span> <span class='ocrx_word' id='word_1_32' title='bbox 1230 790 1381 863; x_wconf 75' lang='grc' dir='ltr'>γένωνται,</span> 
     </span>
     <span class='ocr_line' id='line_1_5' title="bbox 315 888 1383 977; baseline -0.002 -22"><span class='ocrx_word' id='word_1_33' title='bbox 315 888 409 962; x_wconf 66' lang='lat' dir='ltr'>otro&lt;</span> <span class='ocrx_word' id='word_1_34' title='bbox 432 897 469 955; x_wconf 88' lang='grc' dir='ltr'>τὰ</span> <span class='ocrx_word' id='word_1_35' title='bbox 493 890 589 955; x_wconf 78' lang='grc' dir='ltr'>αίντών</span> <span class='ocrx_word' id='word_1_36' title='bbox 612 892 683 975; x_wconf 70' lang='grc' dir='ltr'>ᾐδον</span> <span class='ocrx_word' id='word_1_37' title='bbox 708 899 861 976; x_wconf 72' lang='grc' dir='ltr'>ποιήματα</span> <span class='ocrx_word' id='word_1_38' title='bbox 885 896 964 954; x_wconf 83' lang='grc' dir='ltr'>κατὰ</span> <span class='ocrx_word' id='word_1_39' title='bbox 988 894 1042 962; x_wconf 86' lang='grc' dir='ltr'>τὰς</span> <span class='ocrx_word' id='word_1_40' title='bbox 1065 890 1155 962; x_wconf 82' lang='grc' dir='ltr'>ὁδοὺς</span> <span class='ocrx_word' id='word_1_41' title='bbox 1179 889 1298 977; x_wconf 76' lang='grc' dir='ltr'>ἁμάξης</span> <span class='ocrx_word' id='word_1_42' title='bbox 1318 891 1383 954; x_wconf 79' lang='grc' dir='ltr'>ἐπι-</span> 
     </span>
     <span class='ocr_line' id='line_1_6' title="bbox 314 996 1383 1084; baseline -0.001 -23"><span class='ocrx_word' id='word_1_43' title='bbox 314 1002 495 1083; x_wconf 61' lang='lat' dir='ltr'>latapetra.</span> <span class='ocrx_word' id='word_1_44' title='bbox 545 1000 589 1061; x_wconf 85' lang='grc' dir='ltr'>διὸ</span> <span class='ocrx_word' id='word_1_45' title='bbox 624 1003 677 1061; x_wconf 83' lang='grc' dir='ltr'>καί</span> <span class='ocrx_word' id='word_1_46' title='bbox 714 1004 869 1082; x_wconf 76' lang='grc' dir='ltr'>παροιμία.</span> <span class='ocrx_word' id='word_1_47' title='bbox 906 997 947 1069; x_wconf 80' lang='grc' dir='ltr'>ὡς</span> <span class='ocrx_word' id='word_1_48' title='bbox 971 998 1002 1071; x_wconf 77' lang='grc' dir='ltr'>ἐξ</span> <span class='ocrx_word' id='word_1_49' title='bbox 1026 996 1146 1084; x_wconf 77' lang='grc' dir='ltr'><strong>ἁμάξης</strong></span> <span class='ocrx_word' id='word_1_50' title='bbox 1169 1000 1268 1062; x_wconf 76' lang='grc' dir='ltr'>λαλεῖ,</span> <span class='ocrx_word' id='word_1_51' title='bbox 1292 999 1383 1084; x_wconf 75' lang='grc' dir='ltr'>ἤγουν</span> 
     </span>
     <span class='ocr_line' id='line_1_7' title="bbox 315 1103 1381 1190; baseline -0.001 -23"><span class='ocrx_word' id='word_1_52' title='bbox 315 1103 521 1190; x_wconf 77' lang='grc' dir='ltr'>ἀναισχυντως</span> <span class='ocrx_word' id='word_1_53' title='bbox 556 1103 677 1188; x_wconf 73' lang='grc' dir='ltr'>ὑβρίζει.</span> <span class='ocrx_word' id='word_1_54' title='bbox 714 1117 799 1169; x_wconf 72' lang='grc' dir='ltr'>τουτο</span> <span class='ocrx_word' id='word_1_55' title='bbox 835 1106 867 1169; x_wconf 80' lang='grc' dir='ltr'>δὲ</span> <span class='ocrx_word' id='word_1_56' title='bbox 903 1108 1020 1169; x_wconf 75' lang='grc' dir='ltr'>ἐποίουν</span> <span class='ocrx_word' id='word_1_57' title='bbox 1050 1103 1077 1169; x_wconf 82' lang='lat' dir='ltr'>oi</span> <span class='ocrx_word' id='word_1_58' title='bbox 1100 1110 1228 1189; x_wconf 77' lang='grc' dir='ltr'>κωμικοί</span> <span class='ocrx_word' id='word_1_59' title='bbox 1253 1109 1381 1190; x_wconf 80' lang='grc' dir='ltr'>ποιηταί.</span> 
     </span>
     <span class='ocr_line' id='line_1_8' title="bbox 315 1216 1383 1295; baseline 0 -19"><span class='ocrx_word' id='word_1_60' title='bbox 315 1216 404 1277; x_wconf 90' lang='lat' dir='ltr'>abest</span> <span class='ocrx_word' id='word_1_61' title='bbox 439 1226 545 1277; x_wconf 87' lang='lat' dir='ltr'>tamen</span> <span class='ocrx_word' id='word_1_62' title='bbox 582 1224 612 1276; x_wconf 93' lang='lat' dir='ltr'>et</span> <span class='ocrx_word' id='word_1_63' title='bbox 647 1238 665 1276; x_wconf 93' lang='lat' dir='ltr'>a</span> <span class='ocrx_word' id='word_1_64' title='bbox 700 1217 776 1277; x_wconf 88' lang='lat' dir='ltr'>Rav.</span> <span class='ocrx_word' id='word_1_65' title='bbox 813 1225 844 1277; x_wconf 86' lang='lat' dir='ltr'>et</span> <span class='ocrx_word' id='word_1_66' title='bbox 867 1238 885 1277; x_wconf 91' lang='lat' dir='ltr'>a</span> <span class='ocrx_word' id='word_1_67' title='bbox 911 1218 987 1277; x_wconf 92' lang='lat' dir='ltr'>Ven.</span> <span class='ocrx_word' id='word_1_68' title='bbox 1013 1216 1184 1278; x_wconf 88' lang='lat' dir='ltr'>codicibus.</span> <span class='ocrx_word' id='word_1_69' title='bbox 1233 1223 1264 1277; x_wconf 90' lang='lat' dir='ltr'>et</span> <span class='ocrx_word' id='word_1_70' title='bbox 1287 1217 1383 1295; x_wconf 90' lang='lat' dir='ltr'>paulo</span> 
     </span>
     <span class='ocr_line' id='line_1_9' title="bbox 314 1323 1384 1403; baseline 0.001 -21"><span class='ocrx_word' id='word_1_71' title='bbox 314 1324 397 1382; x_wconf 82' lang='lat' dir='ltr'>infra</span> <span class='ocrx_word' id='word_1_72' title='bbox 422 1337 592 1402; x_wconf 85' lang='lat' dir='ltr'>postquam</span> <span class='ocrx_word' id='word_1_73' title='bbox 616 1325 863 1403; x_wconf 80' lang='lat' dir='ltr'><strong>Aristophanem</strong></span> <span class='ocrx_word' id='word_1_74' title='bbox 887 1324 927 1384; x_wconf 90' lang='lat' dir='ltr'>ad</span> <span class='ocrx_word' id='word_1_75' title='bbox 943 1324 1095 1402; x_wconf 81' lang='lat' dir='ltr'>Eupolim</span> <span class='ocrx_word' id='word_1_76' title='bbox 1112 1324 1277 1384; x_wconf 82' lang='lat' dir='ltr'>Cratinum</span> <span class='ocrx_word' id='word_1_77' title='bbox 1294 1323 1384 1383; x_wconf 88' lang='lat' dir='ltr'>alios·</span> 
     </span>
     <span class='ocr_line' id='line_1_10' title="bbox 316 1428 1385 1509; baseline -0.001 -19"><span class='ocrx_word' id='word_1_78' title='bbox 316 1449 376 1508; x_wconf 83' lang='lat' dir='ltr'>que</span> <span class='ocrx_word' id='word_1_79' title='bbox 412 1431 550 1491; x_wconf 88' lang='lat' dir='ltr'>comicos</span> <span class='ocrx_word' id='word_1_80' title='bbox 585 1436 694 1509; x_wconf 72' lang='lat' dir='ltr'>poetas</span> <span class='ocrx_word' id='word_1_81' title='bbox 728 1431 788 1491; x_wconf 91' lang='lat' dir='ltr'>hac</span> <span class='ocrx_word' id='word_1_82' title='bbox 825 1450 900 1491; x_wconf 90' lang='lat' dir='ltr'>uoce</span> <span class='ocrx_word' id='word_1_83' title='bbox 935 1436 1076 1509; x_wconf 89' lang='lat' dir='ltr'>spectare</span> <span class='ocrx_word' id='word_1_84' title='bbox 1104 1430 1194 1504; x_wconf 81' lang='lat' dir='ltr'>dixit,</span> <span class='ocrx_word' id='word_1_85' title='bbox 1220 1428 1385 1506; x_wconf 84' lang='lat' dir='ltr'>subiungit</span> 
     </span>
     <span class='ocr_line' id='line_1_11' title="bbox 315 1528 1385 1617; baseline -0.001 -21"><span class='ocrx_word' id='word_1_86' title='bbox 315 1538 485 1599; x_wconf 79' lang='lat' dir='ltr'>scholiasta</span> <span class='ocrx_word' id='word_1_87' title='bbox 520 1534 757 1617; x_wconf 70' lang='grc' dir='ltr'>τρυγοδαίμονας</span> <span class='ocrx_word' id='word_1_88' title='bbox 792 1534 824 1596; x_wconf 84' lang='grc' dir='ltr'>δὲ</span> <span class='ocrx_word' id='word_1_89' title='bbox 861 1537 982 1604; x_wconf 81' lang='grc' dir='ltr'>τουτους</span> <span class='ocrx_word' id='word_1_90' title='bbox 1005 1536 1103 1598; x_wconf 81' lang='grc' dir='ltr'>καλεῖ.</span> <span class='ocrx_word' id='word_1_91' title='bbox 1129 1531 1202 1595; x_wconf 82' lang='grc' dir='ltr'>διότι</span> <span class='ocrx_word' id='word_1_92' title='bbox 1227 1539 1335 1603; x_wconf 83' lang='grc' dir='ltr'>πάντες</span> <span class='ocrx_word' id='word_1_93' title='bbox 1356 1528 1385 1595; x_wconf 80' lang='grc' dir='ltr'>οἱ</span> 
     </span>
     <span class='ocr_line' id='line_1_12' title="bbox 314 1639 1383 1726; baseline 0.002 -25"><span class='ocrx_word' id='word_1_94' title='bbox 314 1641 455 1723; x_wconf 77' lang='grc' dir='ltr'>κωμῳδοὶ</span> <span class='ocrx_word' id='word_1_95' title='bbox 488 1644 570 1722; x_wconf 88' lang='grc' dir='ltr'>τρυγί</span> <span class='ocrx_word' id='word_1_96' title='bbox 594 1639 799 1726; x_wconf 77' lang='grc' dir='ltr'>ἀνηλείροντο.</span> <span class='ocrx_word' id='word_1_97' title='bbox 848 1644 932 1723; x_wconf 89' lang='lat' dir='ltr'>qued</span> <span class='ocrx_word' id='word_1_98' title='bbox 957 1644 1131 1705; x_wconf 89' lang='lat' dir='ltr'>uictoribus</span> <span class='ocrx_word' id='word_1_99' title='bbox 1155 1649 1191 1704; x_wconf 92' lang='lat' dir='ltr'>ut</span> <span class='ocrx_word' id='word_1_100' title='bbox 1214 1644 1383 1722; x_wconf 72' lang='lat' dir='ltr'>praemium</span> 
     </span>
     <span class='ocr_line' id='line_1_13' title="bbox 316 1747 1385 1830; baseline 0.002 -21"><span class='ocrx_word' id='word_1_101' title='bbox 316 1756 459 1810; x_wconf 90' lang='lat' dir='ltr'>mustum</span> <span class='ocrx_word' id='word_1_102' title='bbox 496 1750 632 1824; x_wconf 87' lang='lat' dir='ltr'>daretur,</span> <span class='ocrx_word' id='word_1_103' title='bbox 669 1751 865 1811; x_wconf 84' lang='lat' dir='ltr'>comoediam</span> <span class='ocrx_word' id='word_1_104' title='bbox 903 1747 1067 1829; x_wconf 82' lang='grc' dir='ltr'>τρυγῳδίαν</span> <span class='ocrx_word' id='word_1_105' title='bbox 1100 1752 1291 1830; x_wconf 84' lang='lat' dir='ltr'>appellatam</span> <span class='ocrx_word' id='word_1_106' title='bbox 1317 1769 1385 1811; x_wconf 90' lang='lat' dir='ltr'>esse</span> 
     </span>
     <span class='ocr_line' id='line_1_14' title="bbox 315 1855 1372 1939; baseline 0.002 -24"><span class='ocrx_word' id='word_1_107' title='bbox 315 1874 382 1916; x_wconf 90' lang='lat' dir='ltr'>esse</span> <span class='ocrx_word' id='word_1_108' title='bbox 406 1857 537 1916; x_wconf 85' lang='lat' dir='ltr'>tradunt</span> <span class='ocrx_word' id='word_1_109' title='bbox 564 1858 661 1917; x_wconf 87' lang='lat' dir='ltr'>schol.</span> <span class='ocrx_word' id='word_1_110' title='bbox 687 1857 726 1917; x_wconf 90' lang='lat' dir='ltr'>ad</span> <span class='ocrx_word' id='word_1_111' title='bbox 752 1858 803 1916; x_wconf 91' lang='lat' dir='ltr'>Ar.</span> <span class='ocrx_word' id='word_1_112' title='bbox 833 1858 908 1917; x_wconf 88' lang='lat' dir='ltr'>th.</span> <span class='ocrx_word' id='word_1_113' title='bbox 935 1858 997 1918; x_wconf 90' lang='grc'>499</span> <span class='ocrx_word' id='word_1_114' title='bbox 1023 1855 1064 1939; x_wconf 90' lang='lat' dir='ltr'>(u.</span> <span class='ocrx_word' id='word_1_115' title='bbox 1090 1879 1120 1937; x_wconf 92' lang='lat' dir='ltr'>p.</span> <span class='ocrx_word' id='word_1_116' title='bbox 1147 1858 1213 1936; x_wconf 83' lang='grc'>89),</span> <span class='ocrx_word' id='word_1_117' title='bbox 1238 1858 1277 1917; x_wconf 92' lang='lat' dir='ltr'>de</span> <span class='ocrx_word' id='word_1_118' title='bbox 1301 1878 1372 1918; x_wconf 88' lang='lat' dir='ltr'>com</span> 
     </span>
     <span class='ocr_line' id='line_1_15' title="bbox 315 1961 1383 2043; baseline 0.002 -22"><span class='ocrx_word' id='word_1_119' title='bbox 315 1963 365 2022; x_wconf 88' lang='lat' dir='ltr'>Ill</span> <span class='ocrx_word' id='word_1_120' title='bbox 403 1963 498 2023; x_wconf 90' lang='lat' dir='ltr'>Didot</span> <span class='ocrx_word' id='word_1_121' title='bbox 532 1961 573 2042; x_wconf 85' lang='lat' dir='ltr'>(p.</span> <span class='ocrx_word' id='word_1_122' title='bbox 611 1965 673 2039; x_wconf 81' lang='grc'>88),</span> <span class='ocrx_word' id='word_1_123' title='bbox 710 1964 806 2024; x_wconf 88' lang='lat' dir='ltr'>schol.</span> <span class='ocrx_word' id='word_1_124' title='bbox 844 1964 883 2024; x_wconf 92' lang='lat' dir='ltr'>ad</span> <span class='ocrx_word' id='word_1_125' title='bbox 918 1967 969 2024; x_wconf 94' lang='lat' dir='ltr'>Ar.</span> <span class='ocrx_word' id='word_1_126' title='bbox 1007 1965 1084 2025; x_wconf 92' lang='lat' dir='ltr'>Ach.</span> <span class='ocrx_word' id='word_1_127' title='bbox 1110 1985 1140 2025; x_wconf 91' lang='lat' dir='ltr'>u.</span> <span class='ocrx_word' id='word_1_128' title='bbox 1168 1964 1245 2025; x_wconf 79' lang='lat'><strong>398:</strong></span> <span class='ocrx_word' id='word_1_129' title='bbox 1272 1982 1383 2043; x_wconf 87' lang='grc' dir='ltr'>τρυγῳ-</span> 
     </span>
     <span class='ocr_line' id='line_1_16' title="bbox 317 2064 1386 2152; baseline 0.002 -25"><span class='ocrx_word' id='word_1_130' title='bbox 317 2066 382 2127; x_wconf 85' lang='grc' dir='ltr'>δίαν</span> <span class='ocrx_word' id='word_1_131' title='bbox 400 2067 432 2127; x_wconf 83' lang='grc' dir='ltr'>δὲ</span> <span class='ocrx_word' id='word_1_132' title='bbox 458 2064 537 2128; x_wconf 76' lang='grc' dir='ltr'>εἶπεν</span> <span class='ocrx_word' id='word_1_133' title='bbox 562 2066 625 2128; x_wconf 83' lang='grc' dir='ltr'>ἀντί</span> <span class='ocrx_word' id='word_1_134' title='bbox 642 2076 692 2128; x_wconf 83' lang='grc' dir='ltr'>του</span> <span class='ocrx_word' id='word_1_135' title='bbox 715 2068 886 2150; x_wconf 74' lang='grc' dir='ltr'>κωμῳδίαν,</span> <span class='ocrx_word' id='word_1_136' title='bbox 912 2068 962 2128; x_wconf 84' lang='grc' dir='ltr'>διὰ</span> <span class='ocrx_word' id='word_1_137' title='bbox 986 2064 1018 2129; x_wconf 86' lang='grc' dir='ltr'>τὸ</span> <span class='ocrx_word' id='word_1_138' title='bbox 1042 2079 1103 2137; x_wconf 82' lang='grc' dir='ltr'>τοῖς</span> <span class='ocrx_word' id='word_1_139' title='bbox 1119 2079 1219 2131; x_wconf 71' lang='lat' dir='ltr'>orado!</span> <span class='ocrx_word' id='word_1_140' title='bbox 1238 2078 1386 2152; x_wconf 73' lang='grc' dir='ltr'>κωμικοῖς</span> 
     </span>
     <span class='ocr_line' id='line_1_17' title="bbox 316 2172 1384 2257; baseline 0.004 -23"><span class='ocrx_word' id='word_1_141' title='bbox 316 2175 407 2253; x_wconf 83' lang='grc' dir='ltr'>τρυγα</span> <span class='ocrx_word' id='word_1_142' title='bbox 426 2173 576 2238; x_wconf 70' lang='grc' dir='ltr'>δίδοσθαι,</span> <span class='ocrx_word' id='word_1_143' title='bbox 603 2179 735 2235; x_wconf 74' lang='grc' dir='ltr'>τουτέστι</span> <span class='ocrx_word' id='word_1_144' title='bbox 759 2181 825 2236; x_wconf 76' lang='grc' dir='ltr'>νέον</span> <span class='ocrx_word' id='word_1_145' title='bbox 849 2172 935 2237; x_wconf 82' lang='grc' dir='ltr'>οἶνον.</span> <span class='ocrx_word' id='word_1_146' title='bbox 976 2179 1035 2238; x_wconf 90' lang='lat' dir='ltr'>hoc</span> <span class='ocrx_word' id='word_1_147' title='bbox 1060 2179 1100 2238; x_wconf 91' lang='lat' dir='ltr'>ad</span> <span class='ocrx_word' id='word_1_148' title='bbox 1125 2180 1310 2257; x_wconf 86' lang='lat' dir='ltr'>exemplum</span> <span class='ocrx_word' id='word_1_149' title='bbox 1333 2198 1384 2238; x_wconf 87' lang='lat' dir='ltr'>ex-</span> 
     </span>
     <span class='ocr_line' id='line_1_18' title="bbox 316 2283 1384 2363; baseline 0.003 -21"><span class='ocrx_word' id='word_1_150' title='bbox 316 2283 495 2361; x_wconf 87' lang='lat' dir='ltr'>plicationis</span> <span class='ocrx_word' id='word_1_151' title='bbox 526 2286 613 2345; x_wconf 69' lang='lat' dir='ltr'>uocis</span> <span class='ocrx_word' id='word_1_152' title='bbox 637 2284 805 2361; x_wconf 76' lang='lat' dir='ltr'>tragoedia</span> <span class='ocrx_word' id='word_1_153' title='bbox 831 2286 939 2345; x_wconf 89' lang='lat' dir='ltr'>fictum</span> <span class='ocrx_word' id='word_1_154' title='bbox 964 2292 1021 2359; x_wconf 84' lang='lat' dir='ltr'>est,</span> <span class='ocrx_word' id='word_1_155' title='bbox 1046 2305 1117 2363; x_wconf 87' lang='lat' dir='ltr'>quae</span> <span class='ocrx_word' id='word_1_156' title='bbox 1141 2287 1186 2345; x_wconf 89' lang='lat' dir='ltr'>sic</span> <span class='ocrx_word' id='word_1_157' title='bbox 1209 2287 1316 2346; x_wconf 90' lang='lat' dir='ltr'>uocari</span> <span class='ocrx_word' id='word_1_158' title='bbox 1340 2286 1384 2345; x_wconf 91' lang='lat' dir='ltr'>di·</span> 
     </span>
     <span class='ocr_line' id='line_1_19' title="bbox 315 2388 1385 2472; baseline 0.003 -23"><span class='ocrx_word' id='word_1_159' title='bbox 315 2390 454 2464; x_wconf 88' lang='lat' dir='ltr'>cebatur,</span> <span class='ocrx_word' id='word_1_160' title='bbox 490 2390 575 2468; x_wconf 91' lang='lat' dir='ltr'>quod</span> <span class='ocrx_word' id='word_1_161' title='bbox 609 2392 711 2452; x_wconf 85' lang='lat' dir='ltr'>uictor</span> <span class='ocrx_word' id='word_1_162' title='bbox 735 2392 858 2452; x_wconf 84' lang='lat' dir='ltr'>hircum</span> <span class='ocrx_word' id='word_1_163' title='bbox 885 2388 1016 2472; x_wconf 70' lang='grc' dir='ltr'>(τράγος)</span> <span class='ocrx_word' id='word_1_164' title='bbox 1039 2392 1202 2470; x_wconf 87' lang='lat' dir='ltr'>acciperet.</span> <span class='ocrx_word' id='word_1_165' title='bbox 1251 2394 1385 2471; x_wconf 84' lang='lat' dir='ltr'>scriptor</span> 
     </span>
     <span class='ocr_line' id='line_1_20' title="bbox 316 2496 1384 2577; baseline 0.004 -22"><span class='ocrx_word' id='word_1_166' title='bbox 316 2496 354 2555; x_wconf 92' lang='lat' dir='ltr'>de</span> <span class='ocrx_word' id='word_1_167' title='bbox 386 2516 466 2556; x_wconf 85' lang='lat' dir='ltr'>eom.</span> <span class='ocrx_word' id='word_1_168' title='bbox 492 2498 531 2556; x_wconf 93' lang='lat' dir='ltr'>de</span> <span class='ocrx_word' id='word_1_169' title='bbox 556 2498 677 2558; x_wconf 87' lang='lat' dir='ltr'>Leuaeis</span> <span class='ocrx_word' id='word_1_170' title='bbox 701 2498 817 2559; x_wconf 88' lang='lat' dir='ltr'>diserte</span> <span class='ocrx_word' id='word_1_171' title='bbox 842 2500 973 2576; x_wconf 89' lang='lat' dir='ltr'>loquens</span> <span class='ocrx_word' id='word_1_172' title='bbox 997 2518 1054 2559; x_wconf 91' lang='lat' dir='ltr'>nes</span> <span class='ocrx_word' id='word_1_173' title='bbox 1079 2499 1221 2577; x_wconf 89' lang='lat' dir='ltr'>decipere</span> <span class='ocrx_word' id='word_1_174' title='bbox 1247 2520 1311 2559; x_wconf 89' lang='lat' dir='ltr'>non</span> <span class='ocrx_word' id='word_1_175' title='bbox 1334 2500 1384 2559; x_wconf 89' lang='lat' dir='ltr'>de·</span> 
     </span>
     <span class='ocr_line' id='line_1_21' title="bbox 315 2603 1384 2689; baseline 0.003 -26"><span class='ocrx_word' id='word_1_176' title='bbox 315 2603 382 2675; x_wconf 86' lang='lat' dir='ltr'>bet;</span> <span class='ocrx_word' id='word_1_177' title='bbox 410 2623 486 2663; x_wconf 91' lang='lat' dir='ltr'>nam</span> <span class='ocrx_word' id='word_1_178' title='bbox 509 2605 548 2664; x_wconf 86' lang='lat' dir='ltr'>iis</span> <span class='ocrx_word' id='word_1_179' title='bbox 573 2605 737 2689; x_wconf 83' lang='lat' dir='ltr'>comoedia</span> <span class='ocrx_word' id='word_1_180' title='bbox 760 2605 888 2683; x_wconf 88' lang='lat' dir='ltr'>propria</span> <span class='ocrx_word' id='word_1_181' title='bbox 911 2607 981 2665; x_wconf 84' lang='lat' dir='ltr'>luit.</span> <span class='ocrx_word' id='word_1_182' title='bbox 1021 2606 1107 2685; x_wconf 89' lang='lat' dir='ltr'>apud</span> <span class='ocrx_word' id='word_1_183' title='bbox 1132 2606 1247 2666; x_wconf 86' lang='lat' dir='ltr'>Athen.</span> <span class='ocrx_word' id='word_1_184' title='bbox 1274 2607 1316 2680; x_wconf 87' lang='lat' dir='ltr'>II,</span> <span class='ocrx_word' id='word_1_185' title='bbox 1341 2607 1384 2667; x_wconf 90' lang='lat'>40</span> 
     </span>
     <span class='ocr_line' id='line_1_22' title="bbox 316 2710 1384 2791; baseline 0.003 -22"><span class='ocrx_word' id='word_1_186' title='bbox 316 2711 341 2769; x_wconf 92' lang='lat' dir='ltr'><strong>B</strong></span> <span class='ocrx_word' id='word_1_187' title='bbox 365 2711 446 2771; x_wconf 91' lang='lat' dir='ltr'>alius</span> <span class='ocrx_word' id='word_1_188' title='bbox 470 2710 509 2769; x_wconf 86' lang='lat' dir='ltr'>de</span> <span class='ocrx_word' id='word_1_189' title='bbox 534 2712 633 2771; x_wconf 87' lang='lat' dir='ltr'>[caria</span> <span class='ocrx_word' id='word_1_190' title='bbox 658 2712 820 2788; x_wconf 76' lang='lat' dir='ltr'>cogitauit,</span> <span class='ocrx_word' id='word_1_191' title='bbox 844 2712 899 2790; x_wconf 90' lang='lat' dir='ltr'>qui</span> <span class='ocrx_word' id='word_1_192' title='bbox 916 2713 1112 2790; x_wconf 83' lang='lat' dir='ltr'>trygoediam</span> <span class='ocrx_word' id='word_1_193' title='bbox 1130 2714 1175 2772; x_wconf 92' lang='lat' dir='ltr'>ita</span> <span class='ocrx_word' id='word_1_194' title='bbox 1190 2714 1384 2791; x_wconf 86' lang='lat' dir='ltr'>appellatam</span> 
     </span>
     <span class='ocr_line' id='line_1_23' title="bbox 315 2817 1385 2898; baseline 0.002 -21"><span class='ocrx_word' id='word_1_195' title='bbox 315 2836 382 2878; x_wconf 89' lang='lat' dir='ltr'>esse</span> <span class='ocrx_word' id='word_1_196' title='bbox 411 2817 504 2878; x_wconf 86' lang='lat' dir='ltr'>nohis</span> <span class='ocrx_word' id='word_1_197' title='bbox 527 2819 715 2896; x_wconf 87' lang='lat' dir='ltr'>persuadere</span> <span class='ocrx_word' id='word_1_198' title='bbox 739 2820 819 2890; x_wconf 89' lang='lat' dir='ltr'>uult,</span> <span class='ocrx_word' id='word_1_199' title='bbox 844 2819 930 2897; x_wconf 91' lang='lat' dir='ltr'>quod</span> <span class='ocrx_word' id='word_1_200' title='bbox 954 2821 1023 2897; x_wconf 91' lang='lat' dir='ltr'>ipso</span> <span class='ocrx_word' id='word_1_201' title='bbox 1047 2826 1189 2898; x_wconf 90' lang='lat' dir='ltr'>tempore</span> <span class='ocrx_word' id='word_1_202' title='bbox 1213 2819 1385 2880; x_wconf 87' lang='lat' dir='ltr'>uindemiae</span> 
     </span>
     <span class='ocr_line' id='line_1_24' title="bbox 314 2920 1385 3004; baseline 0.005 -23"><span class='ocrx_word' id='word_1_203' title='bbox 314 2920 447 3004; x_wconf 76' lang='grc' dir='ltr'>(τρυγης)</span> <span class='ocrx_word' id='word_1_204' title='bbox 470 2925 676 2986; x_wconf 88' lang='lat' dir='ltr'>inueniretur.</span> <span class='ocrx_word' id='word_1_205' title='bbox 711 2945 819 2985; x_wconf 90' lang='lat' dir='ltr'>ueram</span> <span class='ocrx_word' id='word_1_206' title='bbox 837 2926 1082 3003; x_wconf 83' lang='lat' dir='ltr'>explicationem</span> <span class='ocrx_word' id='word_1_207' title='bbox 1100 2931 1220 2986; x_wconf 88' lang='lat' dir='ltr'>ueteres</span> <span class='ocrx_word' id='word_1_208' title='bbox 1236 2927 1385 2988; x_wconf 84' lang='lat' dir='ltr'>nesciisse</span> 
     </span>
     <span class='ocr_line' id='line_1_25' title="bbox 315 3033 1385 3111; baseline 0.005 -22"><span class='ocrx_word' id='word_1_209' title='bbox 315 3038 346 3090; x_wconf 91' lang='lat' dir='ltr'>et</span> <span class='ocrx_word' id='word_1_210' title='bbox 370 3037 496 3091; x_wconf 89' lang='lat' dir='ltr'>tautum</span> <span class='ocrx_word' id='word_1_211' title='bbox 521 3033 690 3092; x_wconf 90' lang='lat' dir='ltr'>coniecisse</span> <span class='ocrx_word' id='word_1_212' title='bbox 713 3033 777 3091; x_wconf 91' lang='lat' dir='ltr'>iam</span> <span class='ocrx_word' id='word_1_213' title='bbox 802 3052 841 3091; x_wconf 89' lang='lat' dir='ltr'>ex</span> <span class='ocrx_word' id='word_1_214' title='bbox 866 3053 901 3092; x_wconf 90' lang='lat' dir='ltr'>eo</span> <span class='ocrx_word' id='word_1_215' title='bbox 926 3040 1066 3111; x_wconf 89' lang='lat' dir='ltr'>apparet,</span> <span class='ocrx_word' id='word_1_216' title='bbox 1092 3033 1177 3111; x_wconf 91' lang='lat' dir='ltr'>quod</span> <span class='ocrx_word' id='word_1_217' title='bbox 1201 3034 1385 3094; x_wconf 84' lang='lat' dir='ltr'>haesitantes</span> 
     </span>
     <span class='ocr_line' id='line_1_26' title="bbox 315 3137 1384 3213; baseline 0.003 -16"><span class='ocrx_word' id='word_1_218' title='bbox 315 3137 357 3197; x_wconf 69' lang='lat' dir='ltr'>br</span> <span class='ocrx_word' id='word_1_219' title='bbox 373 3158 407 3198; x_wconf 88' lang='lat' dir='ltr'>as</span> <span class='ocrx_word' id='word_1_220' title='bbox 432 3138 570 3199; x_wconf 81' lang='lat' dir='ltr'>afferunt</span> <span class='ocrx_word' id='word_1_221' title='bbox 593 3140 797 3200; x_wconf 89' lang='lat' dir='ltr'>coniecturas.</span> <span class='ocrx_word' id='word_1_222' title='bbox 846 3159 890 3200; x_wconf 88' lang='lat' dir='ltr'>eae</span> <span class='ocrx_word' id='word_1_223' title='bbox 914 3141 989 3200; x_wconf 90' lang='lat' dir='ltr'>satis</span> <span class='ocrx_word' id='word_1_224' title='bbox 1010 3147 1131 3200; x_wconf 89' lang='lat' dir='ltr'>ueteres</span> <span class='ocrx_word' id='word_1_225' title='bbox 1148 3146 1232 3213; x_wconf 88' lang='lat' dir='ltr'>sunt,</span> <span class='ocrx_word' id='word_1_226' title='bbox 1250 3141 1384 3200; x_wconf 87' lang='lat' dir='ltr'>Alexan·</span> 
     </span>
     <span class='ocr_line' id='line_1_27' title="bbox 316 3244 1382 3317; baseline 0.003 -13"><span class='ocrx_word' id='word_1_227' title='bbox 316 3244 426 3316; x_wconf 90' lang='lat' dir='ltr'>driuis,</span> <span class='ocrx_word' id='word_1_228' title='bbox 451 3245 554 3317; x_wconf 84' lang='lat' dir='ltr'>creda,</span> <span class='ocrx_word' id='word_1_229' title='bbox 580 3245 787 3317; x_wconf 84' lang='lat' dir='ltr'>ascribendae;</span> <span class='ocrx_word' id='word_1_230' title='bbox 814 3266 888 3306; x_wconf 88' lang='lat' dir='ltr'>nam</span> <span class='ocrx_word' id='word_1_231' title='bbox 913 3248 977 3306; x_wconf 92' lang='lat' dir='ltr'>iam</span> <span class='ocrx_word' id='word_1_232' title='bbox 999 3248 1151 3308; x_wconf 84' lang='lat' dir='ltr'>Horatius</span> <span class='ocrx_word' id='word_1_233' title='bbox 1168 3266 1266 3307; x_wconf 90' lang='lat' dir='ltr'>unam</span> <span class='ocrx_word' id='word_1_234' title='bbox 1284 3248 1382 3307; x_wconf 89' lang='lat' dir='ltr'>nouit.</span> 
     </span>
    </p>
   </div>
   <div class='ocr_carea' id='block_1_3' title="bbox 539 3439 1149 3539">
    <p class='ocr_par' dir='ltr' id='par_1_3' title="bbox 539 3439 1149 3539">
     <span class='ocr_line' id='line_1_28' title="bbox 539 3439 1149 3539; baseline 0.005 -23"><span class='ocrx_word' id='word_1_235' title='bbox 539 3439 603 3518; x_wconf 91' lang='lat' dir='ltr'>De</span> <span class='ocrx_word' id='word_1_236' title='bbox 633 3439 859 3538; x_wconf 90' lang='lat' dir='ltr'>Dionysiis</span> <span class='ocrx_word' id='word_1_237' title='bbox 889 3441 1149 3539; x_wconf 68' lang='lat' dir='ltr'>agrestibus</span> 
     </span>
    </p>
   </div>
   <div class='ocr_carea' id='block_1_4' title="bbox 315 3583 1386 4198">
    <p class='ocr_par' dir='ltr' id='par_1_4' title="bbox 315 3583 1386 4198">
     <span class='ocr_line' id='line_1_29' title="bbox 411 3583 1384 3664; baseline 0.002 -22"><span class='ocrx_word' id='word_1_238' title='bbox 411 3583 556 3643; x_wconf 81' lang='lat' dir='ltr'>Feliciter</span> <span class='ocrx_word' id='word_1_239' title='bbox 572 3585 696 3653; x_wconf 75' lang='lat' dir='ltr'>accidit,</span> <span class='ocrx_word' id='word_1_240' title='bbox 710 3594 746 3644; x_wconf 87' lang='lat' dir='ltr'>nt</span> <span class='ocrx_word' id='word_1_241' title='bbox 759 3586 987 3664; x_wconf 85' lang='lat' dir='ltr'>Aristophanes</span> <span class='ocrx_word' id='word_1_242' title='bbox 1000 3586 1152 3663; x_wconf 85' lang='lat' dir='ltr'>Dionysia</span> <span class='ocrx_word' id='word_1_243' title='bbox 1164 3586 1298 3662; x_wconf 83' lang='lat' dir='ltr'>agrestia</span> <span class='ocrx_word' id='word_1_244' title='bbox 1310 3604 1384 3662; x_wconf 88' lang='lat' dir='ltr'>quo·</span> 
     </span>
     <span class='ocr_line' id='line_1_30' title="bbox 317 3689 1384 3770; baseline 0.004 -22"><span class='ocrx_word' id='word_1_245' title='bbox 317 3689 413 3750; x_wconf 91' lang='lat' dir='ltr'>modo</span> <span class='ocrx_word' id='word_1_246' title='bbox 437 3691 503 3750; x_wconf 89' lang='lat' dir='ltr'>suis</span> <span class='ocrx_word' id='word_1_247' title='bbox 527 3692 724 3770; x_wconf 87' lang='lat' dir='ltr'>temporibus</span> <span class='ocrx_word' id='word_1_248' title='bbox 749 3699 924 3768; x_wconf 85' lang='lat' dir='ltr'>agerentur,</span> <span class='ocrx_word' id='word_1_249' title='bbox 941 3693 1041 3752; x_wconf 86' lang='lat' dir='ltr'>nohis</span> <span class='ocrx_word' id='word_1_250' title='bbox 1065 3699 1137 3752; x_wconf 87' lang='lat' dir='ltr'>aule</span> <span class='ocrx_word' id='word_1_251' title='bbox 1159 3693 1258 3751; x_wconf 86' lang='lat' dir='ltr'>oculis</span> <span class='ocrx_word' id='word_1_252' title='bbox 1275 3711 1384 3770; x_wconf 87' lang='lat' dir='ltr'>propo-</span> 
     </span>
     <span class='ocr_line' id='line_1_31' title="bbox 315 3798 1385 3876; baseline 0.002 -20"><span class='ocrx_word' id='word_1_253' title='bbox 315 3805 402 3856; x_wconf 89' lang='lat' dir='ltr'>neret</span> <span class='ocrx_word' id='word_1_254' title='bbox 438 3798 471 3856; x_wconf 93' lang='lat' dir='ltr'>in</span> <span class='ocrx_word' id='word_1_255' title='bbox 508 3798 563 3857; x_wconf 89' lang='lat' dir='ltr'>illa</span> <span class='ocrx_word' id='word_1_256' title='bbox 587 3817 690 3859; x_wconf 86' lang='lat' dir='ltr'>scaena.</span> <span class='ocrx_word' id='word_1_257' title='bbox 714 3799 978 3873; x_wconf 86' lang='lat' dir='ltr'>Acharnensium‚</span> <span class='ocrx_word' id='word_1_258' title='bbox 1003 3800 1042 3858; x_wconf 90' lang='lat' dir='ltr'>de</span> <span class='ocrx_word' id='word_1_259' title='bbox 1066 3819 1130 3876; x_wconf 91' lang='lat' dir='ltr'>qua</span> <span class='ocrx_word' id='word_1_260' title='bbox 1154 3799 1254 3858; x_wconf 90' lang='lat' dir='ltr'>multa</span> <span class='ocrx_word' id='word_1_261' title='bbox 1280 3798 1385 3876; x_wconf 90' lang='lat' dir='ltr'>dispu-</span> 
     </span>
     <span class='ocr_line' id='line_1_32' title="bbox 316 3903 1386 3988; baseline -0.001 -24"><span class='ocrx_word' id='word_1_262' title='bbox 316 3910 382 3964; x_wconf 88' lang='lat' dir='ltr'>tata</span> <span class='ocrx_word' id='word_1_263' title='bbox 417 3911 493 3963; x_wconf 86' lang='lat' dir='ltr'>sunt</span> <span class='ocrx_word' id='word_1_264' title='bbox 527 3904 568 3984; x_wconf 80' lang='lat' dir='ltr'>(p.</span> <span class='ocrx_word' id='word_1_265' title='bbox 596 3905 636 3964; x_wconf 90' lang='grc'>69</span> <span class='ocrx_word' id='word_1_266' title='bbox 662 3903 751 3984; x_wconf 64' lang='lat' dir='ltr'>sqq).</span> <span class='ocrx_word' id='word_1_267' title='bbox 812 3907 845 3966; x_wconf 90' lang='lat' dir='ltr'>in</span> <span class='ocrx_word' id='word_1_268' title='bbox 880 3926 916 3966; x_wconf 91' lang='lat' dir='ltr'>ea</span> <span class='ocrx_word' id='word_1_269' title='bbox 951 3924 1055 3966; x_wconf 81' lang='lat' dir='ltr'>scaena</span> <span class='ocrx_word' id='word_1_270' title='bbox 1088 3925 1198 3965; x_wconf 90' lang='lat' dir='ltr'>ueram</span> <span class='ocrx_word' id='word_1_271' title='bbox 1232 3924 1386 3988; x_wconf 90' lang='lat' dir='ltr'>pompam</span> 
     </span>
     <span class='ocr_line' id='line_1_33' title="bbox 315 4011 1386 4090; baseline 0 -20"><span class='ocrx_word' id='word_1_272' title='bbox 315 4011 542 4088; x_wconf 83' lang='lat' dir='ltr'>Dionysiorum</span> <span class='ocrx_word' id='word_1_273' title='bbox 578 4013 748 4090; x_wconf 82' lang='lat' dir='ltr'>agrestium</span> <span class='ocrx_word' id='word_1_274' title='bbox 784 4013 849 4071; x_wconf 89' lang='lat' dir='ltr'>ruri</span> <span class='ocrx_word' id='word_1_275' title='bbox 880 4014 929 4088; x_wconf 85' lang='lat' dir='ltr'>agi</span> <span class='ocrx_word' id='word_1_276' title='bbox 954 4032 1049 4090; x_wconf 89' lang='lat' dir='ltr'>supra</span> <span class='ocrx_word' id='word_1_277' title='bbox 1073 4012 1304 4082; x_wconf 89' lang='lat' dir='ltr'>demonstraui;</span> <span class='ocrx_word' id='word_1_278' title='bbox 1329 4011 1386 4071; x_wconf 90' lang='lat' dir='ltr'>ita·</span> 
     </span>
     <span class='ocr_line' id='line_1_34' title="bbox 315 4119 1386 4198; baseline 0.002 -22"><span class='ocrx_word' id='word_1_279' title='bbox 315 4137 377 4194; x_wconf 87' lang='lat' dir='ltr'>que</span> <span class='ocrx_word' id='word_1_280' title='bbox 414 4120 472 4178; x_wconf 89' lang='lat' dir='ltr'>hoc</span> <span class='ocrx_word' id='word_1_281' title='bbox 502 4119 721 4179; x_wconf 88' lang='lat' dir='ltr'>testimonium</span> <span class='ocrx_word' id='word_1_282' title='bbox 748 4120 922 4196; x_wconf 92' lang='lat' dir='ltr'>plurimum</span> <span class='ocrx_word' id='word_1_283' title='bbox 948 4120 1033 4179; x_wconf 88' lang='lat' dir='ltr'>ualet</span> <span class='ocrx_word' id='word_1_284' title='bbox 1057 4120 1192 4179; x_wconf 88' lang='lat' dir='ltr'>licentiae</span> <span class='ocrx_word' id='word_1_285' title='bbox 1216 4123 1316 4198; x_wconf 73' lang='lat' dir='ltr'>politae</span> <span class='ocrx_word' id='word_1_286' title='bbox 1339 4137 1386 4178; x_wconf 87' lang='lat' dir='ltr'>ra·</span> 
     </span>
    </p>
   </div>
   <div class='ocr_carea' id='block_1_5' title="bbox 0 0 1620 5034">
    <p class='ocr_par' dir='ltr' id='par_1_5' title="bbox 0 0 1620 5034">
     <span class='ocr_line' id='line_1_35' title="bbox 0 0 1620 5034; baseline 0 0"><span class='ocrx_word' id='word_1_287' title='bbox 0 0 1620 5034; x_wconf 95' lang='lat' dir='ltr'> </span> 
     </span>
    </p>
   </div>
  </div>
 </body>
</html>
