3225 5034
718 421 761 429 —
788 386 850 448 136
876 421 917 429 --

285 573 333 626 tes
356 566 665 644 Thermophylarum
690 563 821 644 χὺτροος
844 563 1012 637 uocabant,
1037 564 1162 624 etiamsi
1186 564 1278 625 Paus.
1297 567 1317 624 l.
1336 567 1357 625 l'

286 668 414 752 (recteP)
450 670 670 752 κολυμβήθραν
705 666 943 751 bsimbassin»)
978 671 1082 732 uertit.
1140 670 1273 748 dignum
1298 679 1356 747 est,

286 779 370 857 quod
395 778 678 848 animaduertatur‚
703 798 815 839 uocem
839 778 1018 839 deriuatam
1044 784 1184 858 χυτρῐνος
1200 778 1258 839 has
1276 778 1358 841 duas

285 885 530 963 significationes
554 884 680 956 habere,
701 903 780 963 quas
796 885 999 945 secundariae
1015 903 1082 946 esse
1099 885 1250 963 suspicor,
1269 886 1356 963 quod

285 993 380 1053 etiam
418 991 631 1071 suspicionem
656 991 843 1052 confirmare
867 990 968 1052 credo.
1016 991 1050 1051 in
1074 990 1209 1051 eandem
1233 999 1357 1053 senten·

285 1100 363 1161 tiam
389 1098 503 1160 Suidas
527 1098 750 1159 adiumentum
774 1097 930 1172 attribuit,
955 1098 1011 1176 qui
1035 1118 1058 1158 s.
1084 1117 1115 1158 u.
1139 1097 1248 1178 χύτρον
1267 1097 1358 1181 φιλή-

285 1224 380 1287 ματος
416 1199 496 1271 εἶδος
531 1224 598 1267 esse
633 1198 720 1266 dicit.
767 1205 812 1266 ita
845 1205 930 1265 enim
955 1205 1016 1266 hoc
1039 1206 1184 1267 osculum
1209 1206 1357 1279 dabatur,

285 1318 322 1373 ut
345 1313 424 1373 alter
446 1313 582 1372 alterum
607 1312 737 1373 auribus
761 1313 852 1390 quasi
874 1313 970 1372 ollam
988 1311 1187 1390 prehendens
1204 1314 1357 1373 osculare·

284 1426 348 1480 tur.
396 1420 422 1479 si
457 1437 529 1493 ergo
553 1416 664 1498 χὸτρος
686 1437 744 1478 uas
768 1418 935 1497 aquarium
960 1418 1126 1495 significat,
1152 1418 1215 1478 diei
1239 1438 1357 1479 nomen

284 1545 304 1586 a
340 1527 435 1599 uasis,
471 1545 488 1585 e
523 1524 640 1603 quibus
663 1525 832 1585 libationes
857 1526 1006 1586 manibus
1030 1525 1286 1596 effundebantur,
1312 1527 1357 1585 inss

285 1632 390 1693 ditum
425 1641 482 1703 est,
514 1640 551 1692 ut
575 1637 754 1710 postremus
777 1631 844 1693 dies
868 1632 1104 1692 Eleusiniorum
1127 1651 1147 1692 a
1170 1632 1264 1704 uasis,
1290 1633 1356 1711 qui·

285 1739 346 1799 bus
381 1739 420 1799 ad
446 1738 613 1799 libandum
638 1745 751 1817 mystae
775 1739 955 1811 utebantur,
981 1736 1158 1820 πλημοχόαι
1182 1738 1286 1800 dictus
1310 1744 1358 1800 est

285 1854 316 1906 et
350 1851 387 1906 ut
410 1846 511 1907 Choes
535 1866 552 1906 e
576 1846 670 1920 uasis,
696 1866 712 1905 e
736 1846 854 1924 quibus
877 1846 1026 1906 feriantes
1049 1846 1213 1924 potabant,
1239 1839 1357 1906 nomen

284 1959 460 2014 traxerunt.
486 1972 558 2014 cum
584 1972 648 2013 uox
672 1952 784 2033 χὺτρος
806 1973 846 2013 ex
871 1972 930 2013 usu
947 1952 1133 2030 quotidiano
1149 1953 1360 2014 obsolesceret

285 2065 316 2120 et
354 2060 388 2119 in
423 2061 552 2120 nomine
587 2077 677 2121 sacro
712 2066 839 2120 tantum
875 2067 1061 2133 seruaretur,
1098 2079 1164 2121 non
1199 2061 1356 2137 intellege·

285 2166 393 2240 batur;
430 2186 527 2245 quare
563 2187 611 2228 res
635 2167 766 2240 ferebat,
790 2173 827 2226 ut
850 2166 891 2226 ad
915 2185 1026 2226 uocem
1051 2166 1148 2247 χὺτρα
1172 2170 1357 2240 referretur3

286 2293 384 2351 quam
407 2273 448 2334 ob
471 2294 537 2334 rem
562 2294 603 2334 ex
626 2274 706 2346 ollis,
731 2274 764 2333 in
789 2274 906 2351 quibus
929 2274 1134 2353 panspermia
1154 2274 1355 2347 afferebatur,

286 2380 348 2440 diei
372 2400 490 2440 nomen
513 2380 654 2441 inditum
678 2400 745 2441 esse
770 2382 865 2459 uulgo
889 2380 1069 2441 credebant.

393 2488 463 2548 Hac
487 2488 718 2565 significatione
741 2488 814 2548 uoci
838 2482 950 2565 Xotpot
971 2487 1133 2548 uindicata
1149 2487 1359 2548 confirmatur

285 2594 444 2655 sententia
468 2595 610 2655 uirorum
633 2594 810 2668 doctorum,
836 2595 1024 2672 quiritum,
1049 2613 1121 2672 quae
1139 2594 1356 2672 hydrophoria

285 2706 427 2774 uocetur,
464 2702 523 2762 hoc
556 2701 607 2762 die
630 2702 807 2781 perfectum
831 2720 898 2762 esse
922 2706 1046 2780 putant.
1074 2698 1153 2781 v(ex.
1179 2721 1206 2762 c.
1231 2701 1356 2774 Preller‚

286 2807 376 2867 Dem.
401 2814 432 2868 et
456 2808 536 2869 Pers.
563 2830 593 2887 p.
620 2810 683 2869 229
708 2829 794 2880 ann„
819 2808 941 2882 Rohde‚
966 2802 1109 2886 Psyche²
1131 2807 1147 2867 I
1172 2808 1236 2869 238
1256 2828 1283 2868 a.
1303 2807 1354 2888 a).

286 2932 361 2974 nam
386 2914 602 2993 hydrophoria
625 2924 661 2976 ut
683 2916 888 2994 panspermia
912 2935 985 2975 cum
1010 2915 1131 2975 diluuie
1147 2916 1355 2990 connectitur,

286 3025 318 3080 et
351 3020 527 3081 libamenta
558 3023 711 3100 aquatilia
738 3024 787 3095 iis,
813 3023 868 3100 qui
893 3022 1013 3083 diluuie
1037 3023 1207 3101 perierunt,
1232 3022 1357 3083 effundi

287 3126 436 3188 dicuntur
470 3128 596 3205 (Suidas
625 3148 648 3189 a.
685 3148 715 3190 u.
741 3128 864 3207 (CXII).
912 3129 1078 3190 nouilunio
1102 3130 1358 3191 Anthesterionis

286 3233 536 3312 hydrophoriam
560 3242 664 3296 actam
688 3255 765 3309 esse,
789 3236 876 3315 quod
900 3256 917 3297 e
940 3237 1022 3297 Plut.
1048 3236 1137 3298 Sulla
1162 3238 1201 3297 14
1223 3236 1359 3313 (CXIII)

286 3340 410 3401 Corsini
440 3342 512 3403 last.
537 3348 593 3404 att.
617 3363 648 3421 p.
675 3343 738 3405 374
763 3344 897 3423 collegit,
922 3363 997 3405 cum
1021 3345 1221 3405 Mommseno
1244 3344 1356 3403 Heort.

286 3467 317 3526 p.
344 3448 407 3510 347
432 3445 524 3530 (Fest.
551 3450 624 3511 Ath.
650 3471 682 3530 p.
707 3452 771 3511 424
796 3470 842 3530 sq.
867 3452 950 3512 inter
973 3451 1108 3529 Chytros
1125 3456 1156 3510 et
1172 3450 1279 3510 Diasia
1300 3449 1355 3510 du·

288 3552 379 3635 bitat)
403 3576 483 3634 nego
507 3576 572 3616 non
596 3563 631 3617 ut
654 3558 691 3631 is,
716 3558 802 3636 quod
826 3557 899 3617 libri
923 3577 989 3618 mss
1014 3552 1044 3616 ἐν
1069 3550 1091 3634 ᾧ
1115 3556 1277 3628 exhibent,
1299 3555 1355 3617 sed

287 3662 363 3740 quia
397 3662 586 3723 Plutarchus
620 3664 672 3725 hic
708 3672 743 3725 ut
777 3665 857 3726 solet
892 3683 1017 3725 menses
1039 3682 1197 3735 romanos,
1222 3662 1357 3741 proinde

246 3785 248 3788 ’
287 3768 379 3845 quasi
417 3775 453 3830 ut
487 3770 579 3846 graeci
614 3770 654 3830 ad
690 3790 836 3830 normam
871 3771 956 3831 lunae
991 3771 1093 3831 exacti
1129 3776 1242 3842 essent,
1278 3776 1358 3829 trac-

396 3923 415 3991 ¹)
433 3926 517 3988 Quod
536 3928 630 3994 Etym.
650 3943 744 3993 magn.
764 3927 989 3995 hydrophoriam
1010 3925 1104 3996 ἑορτὴν
1122 3931 1215 3989 uocat,
1236 3941 1294 3977 non
1309 3925 1355 3976 ob·

287 4019 353 4081 stat,
385 4017 539 4082 quominus
568 4032 633 4069 cum
656 4016 772 4084 Chytris
792 4017 990 4083 coniungatur.
1029 4012 1149 4066 ἀσκώλια
1168 4027 1281 4081 quoque
1301 4015 1358 4065 hoc

288 4104 405 4157 nomine
424 4112 509 4159 uocat
527 4108 644 4160 Tzetzes
663 4107 698 4160 ad
718 4108 787 4159 Hes.
807 4122 854 4172 op.
873 4123 892 4157 u
911 4105 971 4157 366.
