3225 5034
711 384 865 446 ..7.-

363 563 413 623 Ad
448 563 658 640 quaestionem
694 558 934 624 diiudicandum
971 563 1155 624 testimonia
1177 572 1322 626 ueterum

256 669 295 730 de
326 670 490 730 mensibus
519 669 668 730 boeotieis
693 670 726 729 in
750 688 885 730 examen
909 686 1070 731 nocemus.
1119 671 1201 732 Plnt.
1228 673 1322 734 Arist.

259 777 297 837 19
323 776 408 836 diem
433 795 548 855 pugnae
572 776 754 837 Plataeensis
778 783 810 836 et
833 776 1010 837 secundum
1033 778 1145 839 atticos
1169 784 1200 839 et
1216 798 1324 841 seeun-

256 884 334 944 dum
359 882 517 944 boeotieos
541 883 639 943 fastos
663 883 792 944 indicet.
819 882 927 964 ταυτῃν
944 884 995 964 τὴν
1012 884 1115 965 μάχῃν
1133 879 1324 967 ἐμαχέσαντο

256 997 292 1070 τῃ
316 986 433 1068 τετράδι
458 985 552 1069 (τρίτῃ
576 990 663 1050 Cam.
692 990 731 1050 19
756 995 786 1050 et
811 990 849 1050 de
873 992 948 1067 glor.
975 991 1048 1050 Ath.
1075 987 1144 1073 7¹))
1168 998 1218 1052 του
1244 988 1324 1075 Βοῃ-

257 1093 421 1176 δρομιωνος
437 1089 597 1176 ἱσταμένου
612 1091 680 1154 κατ’
694 1091 893 1178 Ἀθηναίους,
906 1097 986 1155 κατὰ
999 1094 1032 1156 δὲ
1046 1092 1195 1166 Βοιωτοὺς
1205 1097 1323 1179 τετράδι

257 1208 306 1262 του
332 1196 475 1284 Πανέμου
499 1201 667 1286 φθίνοντος,
691 1197 710 1282 ᾖ
734 1203 787 1262 καί
811 1211 861 1262 νυν
882 1201 924 1263 ’έτι
942 1204 973 1262 τὸ
992 1199 1171 1286 Ἑλληνικὸν
1188 1202 1218 1265 ἰν
1235 1201 1323 1265 Πλα·

257 1317 356 1378 ταιαῑς
392 1305 566 1390 ἀθροίζεται
600 1307 752 1389 συνέδριον
786 1311 839 1370 καί
875 1310 983 1370 δι’)ουσι
1018 1319 1057 1390 τῷ
1086 1307 1253 1392 ἐλευθερίῳ
1276 1311 1324 1373 Διί

256 1411 422 1484 Πλαταιεῖς
457 1410 530 1495 ὑπὲρ
565 1423 619 1498 τῆς
646 1417 740 1498 νίκης.
789 1418 840 1499 τὴν
865 1415 898 1476 δέ
922 1424 978 1476 των
1001 1413 1122 1501 ἡμέρων
1147 1414 1323 1502 ἀνωμαλίαν

203 1603 207 1609 .
256 1518 290 1584 ot
318 1523 520 1606 θαυμαστέον,
558 1518 632 1583 ὅπου
662 1524 715 1582 καί
739 1530 787 1583 ν6ν
813 1522 1054 1606 διηκριβωμένων
1078 1533 1133 1584 των
1158 1521 1189 1586 ἐν
1214 1523 1323 1608 ἀστρο-

256 1630 343 1709 λογία(
368 1622 485 1711 μᾶλλον
510 1626 607 1711 ἄλλην
632 1626 722 1690 ἄλλοι
738 1632 832 1713 μηνὸς
849 1626 947 1714 ἀρχὴν
963 1633 1016 1691 καὶ
1033 1632 1172 1716 τελευτὴν
1190 1630 1322 1709 ἄγουσιν,

254 1731 358 1817 (τρίτῃ,
383 1738 468 1815 quod
494 1737 543 1798 bis
567 1739 711 1812 occurrit,
737 1739 971 1816 preferendum
996 1758 1062 1800 esse
1086 1747 1118 1801 et
1141 1740 1259 1820 τετράδι
1283 1763 1323 1804 ex

254 1845 419 1906 enuntiato
454 1852 605 1923 sequente
640 1865 741 1906 errore
776 1852 938 1925 receptum
971 1865 1038 1907 esse
1062 1844 1175 1928 eredo).
1223 1850 1248 1910 si
1273 1850 1322 1910 Bi-

254 1952 424 2013 sehoifium
441 1953 614 2030 sequimur,
628 1952 786 2014 Panemns
798 1961 846 2014 est
859 1954 1043 2032 Metagitnio
1056 1960 1087 2014 et
1099 1955 1322 2018 Pamboeotius

254 2058 452 2120 Boedromio.
489 2059 613 2119 dierum
642 2059 738 2137 igitur
762 2061 931 2120 atticorum
948 2068 978 2121 et
995 2060 1209 2123 boeoticornm
1226 2064 1322 2125 huius

253 2167 329 2226 anni
354 2166 421 2226 heee
444 2166 554 2226 tabula
578 2166 780 2227 describitur:

298 2327 486 2388 Boedromio
517 2329 532 2386 1
591 2353 631 2378 =
656 2328 787 2388 Penemi
810 2329 877 2405 (24)
902 2328 919 2388 7
952 2349 977 2415 g
1029 2330 1056 2389 si
1258 2332 1275 2391 7

513 2418 531 2475 2
811 2413 972 2516 (25)6g
1029 2419 1186 2480 Panemus
1257 2424 1275 2479 6

810 2505 876 2582 (26(
901 2507 920 2567 5
943 2521 971 2568 ,ὲ
1029 2527 1126 2568 cauus
1257 2511 1276 2570 5

810 2596 876 2672 (οι)
900 2575 983 2664 rii„
1029 2603 1095 2657 erat
1256 2601 1275 2658 ι

512 2506 530 2565 3

513 2596 531 2654 4

512 2685 530 2745 5

512 2774 530 2832 6

512 2861 529 2920 7
1028 2863 1223 2924 anboeotii
1258 2780 1274 2924 ί

511 2952 530 3010 8
555 2977 595 3000 =
609 2951 804 3012 Pamboeotii
1256 2956 1274 3014 2

141 3123 144 3127 ²
251 3093 286 3153 in
309 3094 369 3154 hae
392 3092 501 3154 tabula
524 3093 616 3153 initia
640 3094 797 3154 mensium
823 3094 984 3155 lunarium
1009 3096 1090 3155 inter
1113 3116 1146 3157 se
1170 3097 1245 3157 satis
1262 3097 1321 3157 dif-

252 3201 368 3272 ferunt,
405 3200 501 3277 qnod,
538 3219 612 3260 enm
648 3220 667 3260 a
702 3201 869 3261 nouilunio
904 3203 1088 3281 inceperint,
1113 3204 1170 3263 nix
1194 3204 1319 3276 eredas;

252 3325 355 3384 neque
379 3306 512 3366 eredidit
535 3307 672 3381 Boeckh‚
697 3308 810 3385 quiin
834 3309 988 3387 prooemio
1012 3311 1082 3370 lect.
1105 3317 1169 3371 νυοί.
1191 3311 1319 3371 1817=

251 3433 301 3492 op.
340 3413 417 3472 min.
454 3413 500 3472 IV
536 3433 556 3491 p
592 3414 632 3475 87
658 3433 727 3493 sqq.
753 3415 959 3476 Plutarchum
983 3436 1101 3477 errasse
1125 3417 1319 3478 contendens

360 3659 379 3726 ¹)
407 3662 451 3713 Ex
479 3662 534 3713 hoe
563 3660 624 3714 Ιοου
643 3662 749 3714 festum
769 3678 873 3729 pugnae
892 3663 922 3715 in
940 3663 1107 3716 memoriam
1126 3664 1318 3717 Athenienses

252 3749 343 3815 egisse
371 3750 488 3802 ductum
517 3755 568 3803 est.
592 3766 650 3803 non
669 3767 786 3817 prorsus
805 3755 914 3805 eertum
933 3757 989 3813 est3
1010 3757 1090 3804 extet
1108 3753 1185 3804 enim
1204 3758 1316 3806 tantum

167 3882 169 3886 ,
251 3835 324 3907 τρίτῃ
344 3835 366 3887 δ’
384 3835 522 3907 ἱσταμένου
542 3839 591 3909 τὴν
610 3838 637 3890 ἐν
657 3837 806 3900 Πλαταιαῖς
826 3840 920 3909 μάχην
936 3839 1035 3902 erinium
1050 3859 1115 3894 cnm
1129 3846 1224 3894 antem
1238 3858 1319 3894 sacra

251 3927 434 3980 uictoriarum
453 3929 543 3993 gratia
561 3929 694 3982 instituta
712 3934 924 3996 enumerentur,
943 3931 1099 3983 uerisimile
1118 3936 1162 3983 est
1180 3933 1235 3984 hoc
1253 3948 1319 3995 qno-

251 4032 306 4081 que
333 4016 390 4069 tale
417 4017 515 4070 fnisse.
554 4015 645 4068 ἐνίκων
674 4035 725 4085 pro
754 4016 830 4087 νίκην
858 4018 1006 4087 ἑορτάζουσι
1034 4021 1115 4085 dixit,
1144 4027 1177 4073 nt
1195 4020 1318 4072 uarietas

251 4105 372 4158 orationi
390 4105 505 4158 inesset.
