<?xml version="1.0" encoding="UTF-8"?>
<!DOCTYPE html PUBLIC "-//W3C//DTD XHTML 1.0 Transitional//EN"
    "http://www.w3.org/TR/xhtml1/DTD/xhtml1-transitional.dtd">
<html xmlns="http://www.w3.org/1999/xhtml" xml:lang="en" lang="en">
 <head>
  <title>
</title>
<meta http-equiv="Content-Type" content="text/html;charset=utf-8" />
  <meta name='ocr-system' content='tesseract 3.04.00' />
  <meta name='ocr-capabilities' content='ocr_page ocr_carea ocr_par ocr_line ocrx_word'/>
</head>
<body>
  <div class='ocr_page' id='page_1' title='image "./studiadedionysi00nilsgoog_0086.png"; bbox 0 0 3225 5034; ppageno 0'>
   <div class='ocr_carea' id='block_1_1' title="bbox 790 407 967 469">
    <p class='ocr_par' dir='ltr' id='par_1_1' title="bbox 790 407 967 469">
     <span class='ocr_line' id='line_1_1' title="bbox 790 407 967 469; baseline 0 -19"><span class='ocrx_word' id='word_1_1' title='bbox 790 407 967 469; x_wconf 66' lang='lat'><strong>..74-</strong></span> 
     </span>
    </p>
   </div>
   <div class='ocr_carea' id='block_1_2' title="bbox 332 584 1409 3866">
    <p class='ocr_par' dir='ltr' id='par_1_2' title="bbox 336 584 1409 1627">
     <span class='ocr_line' id='line_1_2' title="bbox 339 584 1408 664; baseline -0.004 -15"><span class='ocrx_word' id='word_1_2' title='bbox 339 588 433 650; x_wconf 91' lang='lat' dir='ltr'>Demi</span> <span class='ocrx_word' id='word_1_3' title='bbox 468 588 589 648; x_wconf 78' lang='lat' dir='ltr'>rixatus</span> <span class='ocrx_word' id='word_1_4' title='bbox 603 594 605 607; x_wconf 73' lang='lat'><em>¹</em></span> <span class='ocrx_word' id='word_1_5' title='bbox 619 606 650 647; x_wconf 91' lang='lat' dir='ltr'>u.</span> <span class='ocrx_word' id='word_1_6' title='bbox 689 586 752 647; x_wconf 80' lang='lat'>746</span> <span class='ocrx_word' id='word_1_7' title='bbox 777 586 898 658; x_wconf 82' lang='lat' dir='ltr'>suadet,</span> <span class='ocrx_word' id='word_1_8' title='bbox 923 590 959 645; x_wconf 93' lang='lat' dir='ltr'>ut</span> <span class='ocrx_word' id='word_1_9' title='bbox 983 585 1088 646; x_wconf 89' lang='lat' dir='ltr'>contio</span> <span class='ocrx_word' id='word_1_10' title='bbox 1111 585 1145 645; x_wconf 92' lang='lat' dir='ltr'>in</span> <span class='ocrx_word' id='word_1_11' title='bbox 1169 585 1273 664; x_wconf 87' lang='lat' dir='ltr'>Pnyoe</span> <span class='ocrx_word' id='word_1_12' title='bbox 1297 584 1408 646; x_wconf 91' lang='lat' dir='ltr'>habea·</span> 
     </span>
     <span class='ocr_line' id='line_1_3' title="bbox 339 691 1408 772; baseline -0.004 -15"><span class='ocrx_word' id='word_1_13' title='bbox 339 702 401 769; x_wconf 85' lang='lat' dir='ltr'>tur,</span> <span class='ocrx_word' id='word_1_14' title='bbox 426 694 510 772; x_wconf 92' lang='lat' dir='ltr'>quod</span> <span class='ocrx_word' id='word_1_15' title='bbox 535 694 716 755; x_wconf 84' lang='lat' dir='ltr'>aduersario</span> <span class='ocrx_word' id='word_1_16' title='bbox 739 698 936 771; x_wconf 81' lang='lat' dir='ltr'>repugnante</span> <span class='ocrx_word' id='word_1_17' title='bbox 961 712 979 752; x_wconf 89' lang='lat' dir='ltr'>a</span> <span class='ocrx_word' id='word_1_18' title='bbox 1006 693 1103 753; x_wconf 89' lang='lat' dir='ltr'>Demo</span> <span class='ocrx_word' id='word_1_19' title='bbox 1127 692 1259 753; x_wconf 88' lang='lat' dir='ltr'>obtinet.</span> <span class='ocrx_word' id='word_1_20' title='bbox 1298 691 1408 771; x_wconf 81' lang='lat' dir='ltr'>paucis</span> 
     </span>
     <span class='ocr_line' id='line_1_4' title="bbox 338 798 1406 879; baseline -0.004 -16"><span class='ocrx_word' id='word_1_21' title='bbox 338 801 484 863; x_wconf 91' lang='lat' dir='ltr'>uersibus</span> <span class='ocrx_word' id='word_1_22' title='bbox 515 820 534 861; x_wconf 88' lang='lat' dir='ltr'>a</span> <span class='ocrx_word' id='word_1_23' title='bbox 567 801 663 861; x_wconf 90' lang='lat' dir='ltr'>choro</span> <span class='ocrx_word' id='word_1_24' title='bbox 697 800 892 879; x_wconf 84' lang='lat' dir='ltr'>interpositis</span> <span class='ocrx_word' id='word_1_25' title='bbox 916 799 1077 859; x_wconf 74' lang='lat' dir='ltr'>altercatio</span> <span class='ocrx_word' id='word_1_26' title='bbox 1100 800 1133 858; x_wconf 93' lang='lat' dir='ltr'>in</span> <span class='ocrx_word' id='word_1_27' title='bbox 1157 799 1262 876; x_wconf 87' lang='lat' dir='ltr'>Pnyoe</span> <span class='ocrx_word' id='word_1_28' title='bbox 1284 798 1406 877; x_wconf 85' lang='lat' dir='ltr'>incipit.</span> 
     </span>
     <span class='ocr_line' id='line_1_5' title="bbox 339 905 1408 987; baseline -0.003 -19"><span class='ocrx_word' id='word_1_29' title='bbox 339 908 417 987; x_wconf 90' lang='lat' dir='ltr'>quid</span> <span class='ocrx_word' id='word_1_30' title='bbox 441 908 549 968; x_wconf 89' lang='lat' dir='ltr'>minus</span> <span class='ocrx_word' id='word_1_31' title='bbox 573 906 783 985; x_wconf 76' lang='lat' dir='ltr'>ambiguum?</span> <span class='ocrx_word' id='word_1_32' title='bbox 821 906 917 967; x_wconf 89' lang='lat' dir='ltr'>choro</span> <span class='ocrx_word' id='word_1_33' title='bbox 943 911 1090 966; x_wconf 89' lang='lat' dir='ltr'>manente</span> <span class='ocrx_word' id='word_1_34' title='bbox 1114 912 1234 966; x_wconf 87' lang='lat' dir='ltr'>actores</span> <span class='ocrx_word' id='word_1_35' title='bbox 1257 905 1291 965; x_wconf 91' lang='lat' dir='ltr'>in</span> <span class='ocrx_word' id='word_1_36' title='bbox 1308 905 1408 966; x_wconf 91' lang='lat' dir='ltr'>alium</span> 
     </span>
     <span class='ocr_line' id='line_1_6' title="bbox 338 1011 1408 1092; baseline -0.004 -16"><span class='ocrx_word' id='word_1_37' title='bbox 338 1016 443 1076; x_wconf 87' lang='lat' dir='ltr'>locum</span> <span class='ocrx_word' id='word_1_38' title='bbox 468 1019 555 1086; x_wconf 88' lang='lat' dir='ltr'>eunt,</span> <span class='ocrx_word' id='word_1_39' title='bbox 580 1033 643 1092; x_wconf 93' lang='lat' dir='ltr'>quo</span> <span class='ocrx_word' id='word_1_40' title='bbox 666 1015 751 1075; x_wconf 80' lang='lat' dir='ltr'>facto</span> <span class='ocrx_word' id='word_1_41' title='bbox 778 1013 910 1073; x_wconf 91' lang='lat' dir='ltr'>chorum</span> <span class='ocrx_word' id='word_1_42' title='bbox 936 1031 1062 1090; x_wconf 89' lang='lat' dir='ltr'>quoque</span> <span class='ocrx_word' id='word_1_43' title='bbox 1086 1031 1122 1072; x_wconf 91' lang='lat' dir='ltr'>eo</span> <span class='ocrx_word' id='word_1_44' title='bbox 1145 1011 1256 1073; x_wconf 81' lang='lat' dir='ltr'>adesse</span> <span class='ocrx_word' id='word_1_45' title='bbox 1279 1011 1408 1089; x_wconf 79' lang='lat' dir='ltr'>fingitur</span> 
     </span>
     <span class='ocr_line' id='line_1_7' title="bbox 337 1115 1407 1201; baseline -0.002 -19"><span class='ocrx_word' id='word_1_46' title='bbox 337 1122 357 1183; x_wconf 86' lang='lat' dir='ltr'>i.</span> <span class='ocrx_word' id='word_1_47' title='bbox 383 1141 409 1182; x_wconf 89' lang='lat' dir='ltr'>e.</span> <span class='ocrx_word' id='word_1_48' title='bbox 435 1140 538 1182; x_wconf 88' lang='lat' dir='ltr'>scaena</span> <span class='ocrx_word' id='word_1_49' title='bbox 573 1126 717 1182; x_wconf 90' lang='lat' dir='ltr'>mutatur</span> <span class='ocrx_word' id='word_1_50' title='bbox 730 1115 761 1201; x_wconf 85' lang='lat'>¹).</span> <span class='ocrx_word' id='word_1_51' title='bbox 811 1119 1019 1198; x_wconf 86' lang='lat' dir='ltr'>quamobrem</span> <span class='ocrx_word' id='word_1_52' title='bbox 1044 1118 1165 1197; x_wconf 89' lang='lat' dir='ltr'>siquis</span> <span class='ocrx_word' id='word_1_53' title='bbox 1190 1119 1407 1180; x_wconf 90' lang='lat' dir='ltr'>Acharnenses</span> 
     </span>
     <span class='ocr_line' id='line_1_8' title="bbox 337 1224 1406 1304; baseline -0.003 -15"><span class='ocrx_word' id='word_1_54' title='bbox 337 1229 436 1290; x_wconf 86' lang='lat' dir='ltr'>ternis</span> <span class='ocrx_word' id='word_1_55' title='bbox 470 1227 592 1288; x_wconf 84' lang='lat' dir='ltr'>aedibus</span> <span class='ocrx_word' id='word_1_56' title='bbox 625 1227 778 1288; x_wconf 86' lang='lat' dir='ltr'>extructis</span> <span class='ocrx_word' id='word_1_57' title='bbox 801 1227 855 1300; x_wconf 87' lang='lat' dir='ltr'>ita,</span> <span class='ocrx_word' id='word_1_58' title='bbox 880 1231 917 1285; x_wconf 93' lang='lat' dir='ltr'>ut</span> <span class='ocrx_word' id='word_1_59' title='bbox 940 1224 1142 1298; x_wconf 85' lang='lat' dir='ltr'>adumbraui,</span> <span class='ocrx_word' id='word_1_60' title='bbox 1167 1230 1253 1286; x_wconf 88' lang='lat' dir='ltr'>actos</span> <span class='ocrx_word' id='word_1_61' title='bbox 1277 1231 1406 1304; x_wconf 76' lang='lat' dir='ltr'>spectet,</span> 
     </span>
     <span class='ocr_line' id='line_1_9' title="bbox 337 1332 1408 1413; baseline -0.003 -17"><span class='ocrx_word' id='word_1_62' title='bbox 337 1335 506 1413; x_wconf 88' lang='lat' dir='ltr'>scrupulos</span> <span class='ocrx_word' id='word_1_63' title='bbox 530 1342 561 1394; x_wconf 89' lang='lat' dir='ltr'>et</span> <span class='ocrx_word' id='word_1_64' title='bbox 576 1334 753 1395; x_wconf 81' lang='lat' dir='ltr'>calumnias</span> <span class='ocrx_word' id='word_1_65' title='bbox 769 1353 834 1393; x_wconf 92' lang='lat' dir='ltr'>non</span> <span class='ocrx_word' id='word_1_66' title='bbox 852 1339 1007 1403; x_wconf 66' lang='lat' dir='ltr'>moretum</span> <span class='ocrx_word' id='word_1_67' title='bbox 1033 1338 1224 1409; x_wconf 83' lang='lat' dir='ltr'>spectatores</span> <span class='ocrx_word' id='word_1_68' title='bbox 1240 1332 1324 1392; x_wconf 91' lang='lat' dir='ltr'>enim</span> <span class='ocrx_word' id='word_1_69' title='bbox 1342 1352 1408 1393; x_wconf 90' lang='lat' dir='ltr'>non</span> 
     </span>
     <span class='ocr_line' id='line_1_10' title="bbox 336 1438 1409 1519; baseline -0.004 -16"><span class='ocrx_word' id='word_1_70' title='bbox 336 1447 404 1503; x_wconf 88' lang='lat' dir='ltr'>tam</span> <span class='ocrx_word' id='word_1_71' title='bbox 440 1441 555 1502; x_wconf 89' lang='lat' dir='ltr'>curiosi</span> <span class='ocrx_word' id='word_1_72' title='bbox 587 1446 662 1502; x_wconf 89' lang='lat' dir='ltr'>sunt</span> <span class='ocrx_word' id='word_1_73' title='bbox 693 1460 791 1519; x_wconf 90' lang='lat' dir='ltr'>quam</span> <span class='ocrx_word' id='word_1_74' title='bbox 815 1440 914 1501; x_wconf 88' lang='lat' dir='ltr'>critici</span> <span class='ocrx_word' id='word_1_75' title='bbox 939 1439 1052 1510; x_wconf 89' lang='lat' dir='ltr'>nostri;</span> <span class='ocrx_word' id='word_1_76' title='bbox 1078 1438 1142 1498; x_wconf 87' lang='lat' dir='ltr'>illis</span> <span class='ocrx_word' id='word_1_77' title='bbox 1165 1443 1273 1499; x_wconf 86' lang='lat' dir='ltr'>autem</span> <span class='ocrx_word' id='word_1_78' title='bbox 1297 1438 1409 1499; x_wconf 83' lang='lat' dir='ltr'>fabula</span> 
     </span>
     <span class='ocr_line' id='line_1_11' title="bbox 337 1547 681 1627; baseline -0.009 -18"><span class='ocrx_word' id='word_1_79' title='bbox 337 1547 455 1627; x_wconf 89' lang='lat' dir='ltr'>scripta</span> <span class='ocrx_word' id='word_1_80' title='bbox 477 1553 509 1607; x_wconf 92' lang='lat' dir='ltr'>et</span> <span class='ocrx_word' id='word_1_81' title='bbox 532 1552 602 1608; x_wconf 90' lang='lat' dir='ltr'>acta</span> <span class='ocrx_word' id='word_1_82' title='bbox 625 1552 681 1609; x_wconf 88' lang='lat' dir='ltr'>est.</span> 
     </span>
    </p>

    <p class='ocr_par' dir='ltr' id='par_1_3' title="bbox 332 1651 1407 3866">
     <span class='ocr_line' id='line_1_12' title="bbox 444 1651 1407 1731; baseline -0.003 -17"><span class='ocrx_word' id='word_1_83' title='bbox 444 1655 552 1715; x_wconf 83' lang='lat' dir='ltr'>Altera</span> <span class='ocrx_word' id='word_1_84' title='bbox 567 1654 701 1731; x_wconf 85' lang='lat' dir='ltr'>quaestio</span> <span class='ocrx_word' id='word_1_85' title='bbox 717 1659 773 1726; x_wconf 90' lang='lat' dir='ltr'>est,</span> <span class='ocrx_word' id='word_1_86' title='bbox 791 1658 900 1714; x_wconf 89' lang='lat' dir='ltr'>utrum</span> <span class='ocrx_word' id='word_1_87' title='bbox 917 1658 1007 1714; x_wconf 86' lang='lat' dir='ltr'>actus</span> <span class='ocrx_word' id='word_1_88' title='bbox 1023 1651 1192 1725; x_wconf 90' lang='lat' dir='ltr'>secundus,</span> <span class='ocrx_word' id='word_1_89' title='bbox 1209 1652 1243 1712; x_wconf 89' lang='lat' dir='ltr'>in</span> <span class='ocrx_word' id='word_1_90' title='bbox 1259 1670 1323 1729; x_wconf 92' lang='lat' dir='ltr'>quo</span> <span class='ocrx_word' id='word_1_91' title='bbox 1336 1652 1407 1711; x_wconf 84' lang='lat' dir='ltr'>Dio</span> 
     </span>
     <span class='ocr_line' id='line_1_13' title="bbox 336 1759 1406 1840; baseline -0.003 -18"><span class='ocrx_word' id='word_1_92' title='bbox 336 1761 429 1840; x_wconf 89' lang='lat' dir='ltr'>nysia</span> <span class='ocrx_word' id='word_1_93' title='bbox 444 1761 578 1839; x_wconf 83' lang='lat' dir='ltr'>agrestia</span> <span class='ocrx_word' id='word_1_94' title='bbox 602 1767 748 1839; x_wconf 88' lang='lat' dir='ltr'>aguntur,</span> <span class='ocrx_word' id='word_1_95' title='bbox 772 1760 813 1821; x_wconf 89' lang='lat' dir='ltr'>ad</span> <span class='ocrx_word' id='word_1_96' title='bbox 838 1761 936 1834; x_wconf 92' lang='lat' dir='ltr'>aliud,</span> <span class='ocrx_word' id='word_1_97' title='bbox 953 1780 993 1821; x_wconf 90' lang='lat' dir='ltr'>an</span> <span class='ocrx_word' id='word_1_98' title='bbox 1011 1759 1051 1821; x_wconf 91' lang='lat' dir='ltr'>ad</span> <span class='ocrx_word' id='word_1_99' title='bbox 1067 1759 1154 1819; x_wconf 92' lang='lat' dir='ltr'>idem</span> <span class='ocrx_word' id='word_1_100' title='bbox 1170 1764 1298 1836; x_wconf 89' lang='lat' dir='ltr'>tempus</span> <span class='ocrx_word' id='word_1_101' title='bbox 1314 1759 1406 1838; x_wconf 90' lang='lat' dir='ltr'>perti·</span> 
     </span>
     <span class='ocr_line' id='line_1_14' title="bbox 336 1866 1407 1945; baseline 0 -18"><span class='ocrx_word' id='word_1_102' title='bbox 336 1872 410 1927; x_wconf 90' lang='lat' dir='ltr'>neat</span> <span class='ocrx_word' id='word_1_103' title='bbox 444 1873 539 1945; x_wconf 89' lang='lat' dir='ltr'>atque</span> <span class='ocrx_word' id='word_1_104' title='bbox 574 1867 718 1943; x_wconf 91' lang='lat' dir='ltr'>ultimus,</span> <span class='ocrx_word' id='word_1_105' title='bbox 753 1867 787 1927; x_wconf 91' lang='lat' dir='ltr'>in</span> <span class='ocrx_word' id='word_1_106' title='bbox 823 1886 886 1945; x_wconf 87' lang='lat' dir='ltr'>quo</span> <span class='ocrx_word' id='word_1_107' title='bbox 922 1866 1023 1927; x_wconf 85' lang='lat' dir='ltr'>Choes</span> <span class='ocrx_word' id='word_1_108' title='bbox 1058 1866 1265 1930; x_wconf 84' lang='lat' dir='ltr'>celebrantur.</span> <span class='ocrx_word' id='word_1_109' title='bbox 1320 1885 1407 1927; x_wconf 89' lang='lat' dir='ltr'>nunc</span> 
     </span>
     <span class='ocr_line' id='line_1_15' title="bbox 336 1972 1407 2051; baseline -0.001 -17"><span class='ocrx_word' id='word_1_110' title='bbox 336 1992 410 2034; x_wconf 89' lang='lat' dir='ltr'>cum</span> <span class='ocrx_word' id='word_1_111' title='bbox 446 1974 551 2034; x_wconf 85' lang='lat' dir='ltr'>locum</span> <span class='ocrx_word' id='word_1_112' title='bbox 586 1993 689 2034; x_wconf 91' lang='lat' dir='ltr'>unum</span> <span class='ocrx_word' id='word_1_113' title='bbox 725 1994 789 2034; x_wconf 93' lang='lat' dir='ltr'>non</span> <span class='ocrx_word' id='word_1_114' title='bbox 825 1992 891 2034; x_wconf 90' lang='lat' dir='ltr'>esse</span> <span class='ocrx_word' id='word_1_115' title='bbox 927 1973 1156 2045; x_wconf 87' lang='lat' dir='ltr'>inuenerimus,</span> <span class='ocrx_word' id='word_1_116' title='bbox 1192 1972 1232 2033; x_wconf 88' lang='lat' dir='ltr'>de</span> <span class='ocrx_word' id='word_1_117' title='bbox 1263 1978 1407 2051; x_wconf 88' lang='lat' dir='ltr'>tempore</span> 
     </span>
     <span class='ocr_line' id='line_1_16' title="bbox 335 2079 1406 2159; baseline -0.002 -18"><span class='ocrx_word' id='word_1_118' title='bbox 335 2098 401 2141; x_wconf 90' lang='lat' dir='ltr'>uno</span> <span class='ocrx_word' id='word_1_119' title='bbox 424 2081 520 2141; x_wconf 91' lang='lat' dir='ltr'>etiam</span> <span class='ocrx_word' id='word_1_120' title='bbox 545 2080 692 2142; x_wconf 87' lang='lat' dir='ltr'>dubitare</span> <span class='ocrx_word' id='word_1_121' title='bbox 715 2081 801 2153; x_wconf 79' lang='lat' dir='ltr'>licet3</span> <span class='ocrx_word' id='word_1_122' title='bbox 827 2081 882 2141; x_wconf 90' lang='lat' dir='ltr'>sed</span> <span class='ocrx_word' id='word_1_123' title='bbox 907 2079 1030 2142; x_wconf 86' lang='lat' dir='ltr'>Gilbert</span> <span class='ocrx_word' id='word_1_124' title='bbox 1053 2085 1084 2140; x_wconf 92' lang='lat' dir='ltr'>et</span> <span class='ocrx_word' id='word_1_125' title='bbox 1108 2081 1201 2140; x_wconf 90' lang='lat' dir='ltr'>multi</span> <span class='ocrx_word' id='word_1_126' title='bbox 1225 2079 1278 2140; x_wconf 89' lang='lat' dir='ltr'>alii</span> <span class='ocrx_word' id='word_1_127' title='bbox 1299 2093 1406 2159; x_wconf 88' lang='lat' dir='ltr'>postu·</span> 
     </span>
     <span class='ocr_line' id='line_1_17' title="bbox 336 2186 1404 2266; baseline 0.002 -19"><span class='ocrx_word' id='word_1_128' title='bbox 336 2188 413 2259; x_wconf 89' lang='lat' dir='ltr'>lant,</span> <span class='ocrx_word' id='word_1_129' title='bbox 448 2194 495 2261; x_wconf 89' lang='lat' dir='ltr'>ut,</span> <span class='ocrx_word' id='word_1_130' title='bbox 531 2206 602 2266; x_wconf 83' lang='lat' dir='ltr'>quae</span> <span class='ocrx_word' id='word_1_131' title='bbox 637 2188 670 2247; x_wconf 94' lang='lat' dir='ltr'>in</span> <span class='ocrx_word' id='word_1_132' title='bbox 705 2187 815 2248; x_wconf 86' lang='lat' dir='ltr'>fabula</span> <span class='ocrx_word' id='word_1_133' title='bbox 850 2193 957 2248; x_wconf 89' lang='lat' dir='ltr'>nostra</span> <span class='ocrx_word' id='word_1_134' title='bbox 982 2188 1072 2259; x_wconf 85' lang='lat' dir='ltr'>liunt,</span> <span class='ocrx_word' id='word_1_135' title='bbox 1097 2206 1162 2247; x_wconf 93' lang='lat' dir='ltr'>uno</span> <span class='ocrx_word' id='word_1_136' title='bbox 1186 2186 1237 2247; x_wconf 90' lang='lat' dir='ltr'>die</span> <span class='ocrx_word' id='word_1_137' title='bbox 1261 2193 1404 2265; x_wconf 83' lang='lat' dir='ltr'>agantur.</span> 
     </span>
     <span class='ocr_line' id='line_1_18' title="bbox 335 2293 1406 2370; baseline -0.002 -16"><span class='ocrx_word' id='word_1_138' title='bbox 335 2293 408 2354; x_wconf 90' lang='lat' dir='ltr'>licet</span> <span class='ocrx_word' id='word_1_139' title='bbox 448 2293 594 2355; x_wconf 90' lang='lat' dir='ltr'>homines</span> <span class='ocrx_word' id='word_1_140' title='bbox 639 2301 821 2356; x_wconf 88' lang='lat' dir='ltr'>nostrorum</span> <span class='ocrx_word' id='word_1_141' title='bbox 865 2294 1053 2355; x_wconf 84' lang='lat' dir='ltr'>saeoulorum</span> <span class='ocrx_word' id='word_1_142' title='bbox 1091 2294 1217 2354; x_wconf 78' lang='lat' dir='ltr'>tabulas</span> <span class='ocrx_word' id='word_1_143' title='bbox 1257 2293 1406 2370; x_wconf 90' lang='lat' dir='ltr'>antiquas</span> 
     </span>
     <span class='ocr_line' id='line_1_19' title="bbox 335 2399 1405 2479; baseline -0.002 -18"><span class='ocrx_word' id='word_1_144' title='bbox 335 2418 460 2479; x_wconf 89' lang='lat' dir='ltr'>semper</span> <span class='ocrx_word' id='word_1_145' title='bbox 495 2420 558 2460; x_wconf 91' lang='lat' dir='ltr'>uno</span> <span class='ocrx_word' id='word_1_146' title='bbox 593 2400 644 2461; x_wconf 88' lang='lat' dir='ltr'>die</span> <span class='ocrx_word' id='word_1_147' title='bbox 679 2401 729 2479; x_wconf 84' lang='lat' dir='ltr'>agi</span> <span class='ocrx_word' id='word_1_148' title='bbox 764 2401 826 2461; x_wconf 93' lang='lat' dir='ltr'>sibi</span> <span class='ocrx_word' id='word_1_149' title='bbox 860 2401 1074 2478; x_wconf 79' lang='lat' dir='ltr'>persuaserint</span> <span class='ocrx_word' id='word_1_150' title='bbox 1101 2411 1131 2460; x_wconf 87' lang='lat' dir='ltr'>et</span> <span class='ocrx_word' id='word_1_151' title='bbox 1156 2399 1280 2460; x_wconf 81' lang='lat' dir='ltr'>tabulas</span> <span class='ocrx_word' id='word_1_152' title='bbox 1304 2417 1405 2460; x_wconf 89' lang='lat' dir='ltr'>nouas</span> 
     </span>
     <span class='ocr_line' id='line_1_20' title="bbox 335 2505 1404 2586; baseline -0.001 -19"><span class='ocrx_word' id='word_1_153' title='bbox 335 2526 406 2567; x_wconf 89' lang='lat' dir='ltr'>eam</span> <span class='ocrx_word' id='word_1_154' title='bbox 430 2508 620 2568; x_wconf 88' lang='lat' dir='ltr'>sententiam</span> <span class='ocrx_word' id='word_1_155' title='bbox 645 2508 743 2569; x_wconf 89' lang='lat' dir='ltr'>secuti</span> <span class='ocrx_word' id='word_1_156' title='bbox 768 2508 1021 2586; x_wconf 88' lang='lat' dir='ltr'>conscripserint,</span> <span class='ocrx_word' id='word_1_157' title='bbox 1039 2506 1236 2567; x_wconf 87' lang='lat' dir='ltr'>audiendum</span> <span class='ocrx_word' id='word_1_158' title='bbox 1252 2512 1307 2575; x_wconf 88' lang='lat' dir='ltr'>est,</span> <span class='ocrx_word' id='word_1_159' title='bbox 1326 2505 1404 2584; x_wconf 90' lang='lat' dir='ltr'>quid</span> 
     </span>
     <span class='ocr_line' id='line_1_21' title="bbox 336 2612 1406 2692; baseline -0.001 -18"><span class='ocrx_word' id='word_1_160' title='bbox 336 2613 375 2674; x_wconf 92' lang='lat' dir='ltr'>de</span> <span class='ocrx_word' id='word_1_161' title='bbox 398 2614 458 2675; x_wconf 88' lang='lat' dir='ltr'>hac</span> <span class='ocrx_word' id='word_1_162' title='bbox 477 2634 510 2674; x_wconf 90' lang='lat' dir='ltr'>re</span> <span class='ocrx_word' id='word_1_163' title='bbox 527 2614 612 2675; x_wconf 88' lang='lat' dir='ltr'>dicat</span> <span class='ocrx_word' id='word_1_164' title='bbox 629 2615 821 2688; x_wconf 87' lang='lat' dir='ltr'>Aristoteles,</span> <span class='ocrx_word' id='word_1_165' title='bbox 839 2634 856 2675; x_wconf 92' lang='lat' dir='ltr'>e</span> <span class='ocrx_word' id='word_1_166' title='bbox 872 2615 962 2676; x_wconf 87' lang='lat' dir='ltr'>cuius</span> <span class='ocrx_word' id='word_1_167' title='bbox 978 2614 1017 2674; x_wconf 92' lang='lat' dir='ltr'>de</span> <span class='ocrx_word' id='word_1_168' title='bbox 1034 2619 1099 2675; x_wconf 88' lang='lat' dir='ltr'>arte</span> <span class='ocrx_word' id='word_1_169' title='bbox 1115 2613 1237 2692; x_wconf 72' lang='lat' dir='ltr'>poetica</span> <span class='ocrx_word' id='word_1_170' title='bbox 1253 2612 1334 2674; x_wconf 89' lang='lat' dir='ltr'>libro</span> <span class='ocrx_word' id='word_1_171' title='bbox 1349 2613 1406 2673; x_wconf 90' lang='lat' dir='ltr'>illa</span> 
     </span>
     <span class='ocr_line' id='line_1_22' title="bbox 334 2716 1402 2800; baseline -0.003 -20"><span class='ocrx_word' id='word_1_172' title='bbox 334 2720 402 2781; x_wconf 90' lang='lat' dir='ltr'>sine</span> <span class='ocrx_word' id='word_1_173' title='bbox 433 2720 532 2781; x_wconf 92' lang='lat' dir='ltr'>dubio</span> <span class='ocrx_word' id='word_1_174' title='bbox 563 2720 697 2781; x_wconf 89' lang='lat' dir='ltr'>oriunda</span> <span class='ocrx_word' id='word_1_175' title='bbox 726 2726 783 2782; x_wconf 89' lang='lat' dir='ltr'>est.</span> <span class='ocrx_word' id='word_1_176' title='bbox 830 2722 965 2798; x_wconf 81' lang='lat' dir='ltr'>legimus</span> <span class='ocrx_word' id='word_1_177' title='bbox 995 2739 1021 2782; x_wconf 90' lang='lat' dir='ltr'>c.</span> <span class='ocrx_word' id='word_1_178' title='bbox 1048 2720 1077 2791; x_wconf 87' lang='lat'>5;</span> <span class='ocrx_word' id='word_1_179' title='bbox 1114 2716 1156 2779; x_wconf 79' lang='grc' dir='ltr'>’έτι</span> <span class='ocrx_word' id='word_1_180' title='bbox 1181 2716 1214 2779; x_wconf 84' lang='grc' dir='ltr'>δὲ</span> <span class='ocrx_word' id='word_1_181' title='bbox 1238 2726 1278 2797; x_wconf 85' lang='grc' dir='ltr'>τῷ</span> <span class='ocrx_word' id='word_1_182' title='bbox 1302 2722 1402 2800; x_wconf 67' lang='grc' dir='ltr'>μήκει,</span> 
     </span>
     <span class='ocr_line' id='line_1_23' title="bbox 333 2821 1403 2910; baseline -0.004 -23"><span class='ocrx_word' id='word_1_183' title='bbox 333 2822 353 2910; x_wconf 81' lang='grc' dir='ltr'>ἡ</span> <span class='ocrx_word' id='word_1_184' title='bbox 385 2829 438 2907; x_wconf 82' lang='grc' dir='ltr'>μὲν</span> <span class='ocrx_word' id='word_1_185' title='bbox 467 2824 651 2908; x_wconf 87' lang='lat' dir='ltr'>(tragoedia)</span> <span class='ocrx_word' id='word_1_186' title='bbox 682 2822 726 2887; x_wconf 75' lang='grc' dir='ltr'>ὅτι</span> <span class='ocrx_word' id='word_1_187' title='bbox 757 2821 892 2909; x_wconf 78' lang='grc' dir='ltr'>μάλιστα</span> <span class='ocrx_word' id='word_1_188' title='bbox 924 2835 1062 2906; x_wconf 81' lang='grc' dir='ltr'>πειρᾶται</span> <span class='ocrx_word' id='word_1_189' title='bbox 1091 2821 1146 2886; x_wconf 66' lang='grc' dir='ltr'>ὑπὸ</span> <span class='ocrx_word' id='word_1_190' title='bbox 1171 2824 1241 2906; x_wconf 82' lang='grc' dir='ltr'>μίαν</span> <span class='ocrx_word' id='word_1_191' title='bbox 1266 2824 1403 2907; x_wconf 80' lang='grc' dir='ltr'>περίοδον</span> 
     </span>
     <span class='ocr_line' id='line_1_24' title="bbox 334 2927 1404 3016; baseline -0.001 -23"><span class='ocrx_word' id='word_1_192' title='bbox 334 2928 424 3016; x_wconf 77' lang='grc' dir='ltr'>ἡλίοο</span> <span class='ocrx_word' id='word_1_193' title='bbox 459 2928 535 2993; x_wconf 82' lang='grc' dir='ltr'>εἶναι</span> <span class='ocrx_word' id='word_1_194' title='bbox 570 2929 589 3015; x_wconf 82' lang='grc' dir='ltr'>ἢ</span> <span class='ocrx_word' id='word_1_195' title='bbox 626 2935 732 3015; x_wconf 80' lang='grc' dir='ltr'>μικρὸν</span> <span class='ocrx_word' id='word_1_196' title='bbox 765 2929 968 3003; x_wconf 76' lang='grc' dir='ltr'>ἐξαλλάττειν.</span> <span class='ocrx_word' id='word_1_197' title='bbox 999 2930 1017 3015; x_wconf 71' lang='grc' dir='ltr'>τ’,</span> <span class='ocrx_word' id='word_1_198' title='bbox 1043 2931 1076 2992; x_wconf 82' lang='grc' dir='ltr'>δὲ</span> <span class='ocrx_word' id='word_1_199' title='bbox 1101 2927 1239 2993; x_wconf 80' lang='grc' dir='ltr'>ἐποποιὶα</span> <span class='ocrx_word' id='word_1_200' title='bbox 1264 2927 1404 3011; x_wconf 76' lang='grc' dir='ltr'>ἀόριστος</span> 
     </span>
     <span class='ocr_line' id='line_1_25' title="bbox 334 3034 1404 3121; baseline -0.001 -21"><span class='ocrx_word' id='word_1_201' title='bbox 334 3048 374 3119; x_wconf 72' lang='grc' dir='ltr'>τῷ</span> <span class='ocrx_word' id='word_1_202' title='bbox 409 3044 519 3121; x_wconf 78' lang='grc' dir='ltr'>χρόνῳ,</span> <span class='ocrx_word' id='word_1_203' title='bbox 555 3040 607 3099; x_wconf 79' lang='grc' dir='ltr'>καὶ</span> <span class='ocrx_word' id='word_1_204' title='bbox 643 3039 736 3118; x_wconf 71' lang='grc' dir='ltr'>τοὺτῳ</span> <span class='ocrx_word' id='word_1_205' title='bbox 767 3038 951 3120; x_wconf 78' lang='grc' dir='ltr'>διαφέρουσι·</span> <span class='ocrx_word' id='word_1_206' title='bbox 976 3042 1074 3099; x_wconf 78' lang='grc' dir='ltr'>καίτοι</span> <span class='ocrx_word' id='word_1_207' title='bbox 1098 3042 1130 3100; x_wconf 84' lang='grc' dir='ltr'>τὸ</span> <span class='ocrx_word' id='word_1_208' title='bbox 1154 3048 1267 3120; x_wconf 79' lang='grc' dir='ltr'>πρῶτον</span> <span class='ocrx_word' id='word_1_209' title='bbox 1292 3034 1404 3119; x_wconf 80' lang='grc' dir='ltr'>ὁμοίως</span> 
     </span>
     <span class='ocr_line' id='line_1_26' title="bbox 335 3141 1402 3226; baseline 0.001 -19"><span class='ocrx_word' id='word_1_210' title='bbox 335 3142 366 3207; x_wconf 82' lang='grc' dir='ltr'>ἐν</span> <span class='ocrx_word' id='word_1_211' title='bbox 401 3154 468 3213; x_wconf 88' lang='grc' dir='ltr'>ταῖς</span> <span class='ocrx_word' id='word_1_212' title='bbox 503 3143 683 3226; x_wconf 74' lang='grc' dir='ltr'>τραγῳδίαις</span> <span class='ocrx_word' id='word_1_213' title='bbox 719 3153 804 3207; x_wconf 78' lang='grc' dir='ltr'>τοῦτο</span> <span class='ocrx_word' id='word_1_214' title='bbox 836 3141 953 3206; x_wconf 72' lang='grc' dir='ltr'>ἐποίοον</span> <span class='ocrx_word' id='word_1_215' title='bbox 984 3147 1037 3206; x_wconf 81' lang='grc' dir='ltr'>καὶ</span> <span class='ocrx_word' id='word_1_216' title='bbox 1061 3143 1091 3207; x_wconf 73' lang='grc' dir='ltr'>ἐν</span> <span class='ocrx_word' id='word_1_217' title='bbox 1115 3155 1177 3214; x_wconf 85' lang='grc' dir='ltr'>τοῖς</span> <span class='ocrx_word' id='word_1_218' title='bbox 1200 3144 1310 3209; x_wconf 79' lang='grc' dir='ltr'>ἔπεσιν.</span> <span class='ocrx_word' id='word_1_219' title='bbox 1347 3147 1402 3210; x_wconf 90' lang='lat' dir='ltr'>sed</span> 
     </span>
     <span class='ocr_line' id='line_1_27' title="bbox 334 3253 1401 3334; baseline 0 -20"><span class='ocrx_word' id='word_1_220' title='bbox 334 3255 411 3333; x_wconf 93' lang='lat' dir='ltr'>quid</span> <span class='ocrx_word' id='word_1_221' title='bbox 448 3253 529 3315; x_wconf 79' lang='lat' dir='ltr'>hoc?</span> <span class='ocrx_word' id='word_1_222' title='bbox 563 3273 603 3314; x_wconf 91' lang='lat' dir='ltr'>ne</span> <span class='ocrx_word' id='word_1_223' title='bbox 637 3254 815 3332; x_wconf 85' lang='lat' dir='ltr'>tragoedias</span> <span class='ocrx_word' id='word_1_224' title='bbox 849 3253 979 3332; x_wconf 91' lang='lat' dir='ltr'>quidem</span> <span class='ocrx_word' id='word_1_225' title='bbox 1016 3274 1140 3334; x_wconf 89' lang='lat' dir='ltr'>semper</span> <span class='ocrx_word' id='word_1_226' title='bbox 1174 3275 1238 3315; x_wconf 92' lang='lat' dir='ltr'>uno</span> <span class='ocrx_word' id='word_1_227' title='bbox 1266 3255 1318 3315; x_wconf 91' lang='lat' dir='ltr'>die</span> <span class='ocrx_word' id='word_1_228' title='bbox 1341 3255 1401 3332; x_wconf 86' lang='lat' dir='ltr'>agi,</span> 
     </span>
     <span class='ocr_line' id='line_1_28' title="bbox 333 3361 1402 3441; baseline 0.001 -20"><span class='ocrx_word' id='word_1_229' title='bbox 333 3361 388 3422; x_wconf 92' lang='lat' dir='ltr'>sed</span> <span class='ocrx_word' id='word_1_230' title='bbox 423 3361 456 3420; x_wconf 90' lang='lat' dir='ltr'>id</span> <span class='ocrx_word' id='word_1_231' title='bbox 492 3361 599 3421; x_wconf 88' lang='lat' dir='ltr'>conari</span> <span class='ocrx_word' id='word_1_232' title='bbox 630 3367 662 3421; x_wconf 93' lang='lat' dir='ltr'>et</span> <span class='ocrx_word' id='word_1_233' title='bbox 684 3361 718 3422; x_wconf 92' lang='lat' dir='ltr'>in</span> <span class='ocrx_word' id='word_1_234' title='bbox 742 3381 778 3421; x_wconf 90' lang='lat' dir='ltr'>eo</span> <span class='ocrx_word' id='word_1_235' title='bbox 801 3362 935 3441; x_wconf 84' lang='lat' dir='ltr'>paulum</span> <span class='ocrx_word' id='word_1_236' title='bbox 960 3363 1081 3423; x_wconf 85' lang='lat' dir='ltr'>uariare</span> <span class='ocrx_word' id='word_1_237' title='bbox 1104 3362 1182 3422; x_wconf 89' lang='lat' dir='ltr'>dicit</span> <span class='ocrx_word' id='word_1_238' title='bbox 1205 3369 1315 3422; x_wconf 87' lang='lat' dir='ltr'>auctor</span> <span class='ocrx_word' id='word_1_239' title='bbox 1336 3380 1402 3440; x_wconf 83' lang='lat' dir='ltr'>gra-</span> 
     </span>
     <span class='ocr_line' id='line_1_29' title="bbox 332 3467 1402 3546; baseline 0.001 -18"><span class='ocrx_word' id='word_1_240' title='bbox 332 3468 494 3529; x_wconf 89' lang='lat' dir='ltr'>uissimus.</span> <span class='ocrx_word' id='word_1_241' title='bbox 531 3487 624 3546; x_wconf 89' lang='lat' dir='ltr'>porro</span> <span class='ocrx_word' id='word_1_242' title='bbox 648 3467 793 3529; x_wconf 88' lang='lat' dir='ltr'>certiores</span> <span class='ocrx_word' id='word_1_243' title='bbox 819 3487 875 3529; x_wconf 90' lang='lat' dir='ltr'>nos</span> <span class='ocrx_word' id='word_1_244' title='bbox 899 3469 977 3529; x_wconf 84' lang='lat' dir='ltr'>facit</span> <span class='ocrx_word' id='word_1_245' title='bbox 992 3469 1092 3541; x_wconf 88' lang='lat' dir='ltr'>initio,</span> <span class='ocrx_word' id='word_1_246' title='bbox 1109 3469 1129 3527; x_wconf 90' lang='lat' dir='ltr'>i.</span> <span class='ocrx_word' id='word_1_247' title='bbox 1148 3488 1174 3528; x_wconf 91' lang='lat' dir='ltr'>e.</span> <span class='ocrx_word' id='word_1_248' title='bbox 1192 3486 1264 3531; x_wconf 92' lang='lat' dir='ltr'>cum</span> <span class='ocrx_word' id='word_1_249' title='bbox 1287 3468 1402 3530; x_wconf 89' lang='lat' dir='ltr'>chorus</span> 
     </span>
     <span class='ocr_line' id='line_1_30' title="bbox 334 3574 1400 3654; baseline 0.002 -20"><span class='ocrx_word' id='word_1_250' title='bbox 334 3575 436 3634; x_wconf 88' lang='lat' dir='ltr'>multo</span> <span class='ocrx_word' id='word_1_251' title='bbox 467 3574 602 3636; x_wconf 90' lang='lat' dir='ltr'>maiores</span> <span class='ocrx_word' id='word_1_252' title='bbox 625 3579 731 3652; x_wconf 89' lang='lat' dir='ltr'>partes</span> <span class='ocrx_word' id='word_1_253' title='bbox 754 3580 869 3653; x_wconf 83' lang='lat' dir='ltr'>ageret,</span> <span class='ocrx_word' id='word_1_254' title='bbox 894 3582 1021 3654; x_wconf 88' lang='lat' dir='ltr'>tempus</span> <span class='ocrx_word' id='word_1_255' title='bbox 1045 3575 1213 3636; x_wconf 89' lang='lat' dir='ltr'>definitum</span> <span class='ocrx_word' id='word_1_256' title='bbox 1239 3594 1302 3636; x_wconf 92' lang='lat' dir='ltr'>non</span> <span class='ocrx_word' id='word_1_257' title='bbox 1324 3595 1400 3647; x_wconf 88' lang='lat' dir='ltr'>esse,</span> 
     </span>
     <span class='ocr_line' id='line_1_31' title="bbox 332 3680 1401 3761; baseline 0.002 -21"><span class='ocrx_word' id='word_1_258' title='bbox 332 3680 387 3741; x_wconf 90' lang='lat' dir='ltr'>sed</span> <span class='ocrx_word' id='word_1_259' title='bbox 412 3686 449 3741; x_wconf 94' lang='lat' dir='ltr'>ut</span> <span class='ocrx_word' id='word_1_260' title='bbox 470 3681 504 3741; x_wconf 92' lang='lat' dir='ltr'>in</span> <span class='ocrx_word' id='word_1_261' title='bbox 528 3681 668 3742; x_wconf 90' lang='lat' dir='ltr'>carmine</span> <span class='ocrx_word' id='word_1_262' title='bbox 692 3683 781 3761; x_wconf 88' lang='lat' dir='ltr'>epico</span> <span class='ocrx_word' id='word_1_263' title='bbox 797 3681 976 3760; x_wconf 89' lang='lat' dir='ltr'>quamlibet</span> <span class='ocrx_word' id='word_1_264' title='bbox 990 3681 1182 3761; x_wconf 88' lang='lat' dir='ltr'>productum</span> <span class='ocrx_word' id='word_1_265' title='bbox 1198 3701 1275 3743; x_wconf 90' lang='lat' dir='ltr'>esse.</span> <span class='ocrx_word' id='word_1_266' title='bbox 1315 3682 1401 3760; x_wconf 89' lang='lat' dir='ltr'>quod</span> 
     </span>
     <span class='ocr_line' id='line_1_32' title="bbox 333 3787 1401 3866; baseline 0.001 -18"><span class='ocrx_word' id='word_1_267' title='bbox 333 3806 406 3848; x_wconf 90' lang='lat' dir='ltr'>cum</span> <span class='ocrx_word' id='word_1_268' title='bbox 432 3787 616 3848; x_wconf 89' lang='lat' dir='ltr'>Aristoteles</span> <span class='ocrx_word' id='word_1_269' title='bbox 639 3788 754 3850; x_wconf 87' lang='lat' dir='ltr'>diserte</span> <span class='ocrx_word' id='word_1_270' title='bbox 778 3789 873 3863; x_wconf 91' lang='lat' dir='ltr'>dicat,</span> <span class='ocrx_word' id='word_1_271' title='bbox 898 3788 930 3849; x_wconf 93' lang='lat' dir='ltr'>id</span> <span class='ocrx_word' id='word_1_272' title='bbox 959 3789 1159 3866; x_wconf 85' lang='lat' dir='ltr'>etragoediis</span> <span class='ocrx_word' id='word_1_273' title='bbox 1175 3789 1401 3851; x_wconf 88' lang='lat' dir='ltr'>uetustissimis</span> 
     </span>
    </p>
   </div>
   <div class='ocr_carea' id='block_1_3' title="bbox 332 3942 1401 4191">
    <p class='ocr_par' dir='ltr' id='par_1_4' title="bbox 332 3942 1401 4191">
     <span class='ocr_line' id='line_1_33' title="bbox 441 3942 1400 4012; baseline 0.003 -16"><span class='ocrx_word' id='word_1_274' title='bbox 441 3942 460 4010; x_wconf 90' lang='lat'>¹)</span> <span class='ocrx_word' id='word_1_275' title='bbox 477 3945 520 3997; x_wconf 90' lang='lat' dir='ltr'>De</span> <span class='ocrx_word' id='word_1_276' title='bbox 547 3945 658 3998; x_wconf 85' lang='lat' dir='ltr'>Auibus</span> <span class='ocrx_word' id='word_1_277' title='bbox 687 3946 780 3999; x_wconf 90' lang='lat' dir='ltr'>dicere</span> <span class='ocrx_word' id='word_1_278' title='bbox 808 3948 883 4012; x_wconf 82' lang='lat' dir='ltr'>nole,</span> <span class='ocrx_word' id='word_1_279' title='bbox 912 3947 989 4012; x_wconf 84' lang='lat' dir='ltr'>quod</span> <span class='ocrx_word' id='word_1_280' title='bbox 1016 3948 1051 3998; x_wconf 93' lang='lat' dir='ltr'>de</span> <span class='ocrx_word' id='word_1_281' title='bbox 1080 3947 1150 3998; x_wconf 88' lang='lat' dir='ltr'>locis</span> <span class='ocrx_word' id='word_1_282' title='bbox 1177 3962 1279 4012; x_wconf 89' lang='lat' dir='ltr'>parum</span> <span class='ocrx_word' id='word_1_283' title='bbox 1303 3948 1400 4012; x_wconf 90' lang='lat' dir='ltr'>liquet.</span> 
     </span>
     <span class='ocr_line' id='line_1_34' title="bbox 332 4034 1401 4102; baseline 0.003 -17"><span class='ocrx_word' id='word_1_284' title='bbox 332 4034 357 4086; x_wconf 91' lang='lat' dir='ltr'>si</span> <span class='ocrx_word' id='word_1_285' title='bbox 376 4050 423 4086; x_wconf 91' lang='lat' dir='ltr'>me</span> <span class='ocrx_word' id='word_1_286' title='bbox 441 4034 550 4100; x_wconf 84' lang='lat' dir='ltr'>audias,</span> <span class='ocrx_word' id='word_1_287' title='bbox 579 4035 763 4101; x_wconf 86' lang='lat' dir='ltr'>posteriorem</span> <span class='ocrx_word' id='word_1_288' title='bbox 792 4042 903 4102; x_wconf 87' lang='lat' dir='ltr'>partem</span> <span class='ocrx_word' id='word_1_289' title='bbox 932 4036 1045 4099; x_wconf 78' lang='lat' dir='ltr'>fabulae,</span> <span class='ocrx_word' id='word_1_290' title='bbox 1072 4035 1102 4086; x_wconf 90' lang='lat' dir='ltr'>in</span> <span class='ocrx_word' id='word_1_291' title='bbox 1120 4051 1177 4100; x_wconf 90' lang='lat' dir='ltr'>qua</span> <span class='ocrx_word' id='word_1_292' title='bbox 1195 4052 1294 4089; x_wconf 86' lang='lat' dir='ltr'>omnes</span> <span class='ocrx_word' id='word_1_293' title='bbox 1314 4037 1401 4089; x_wconf 91' lang='lat' dir='ltr'>domi·</span> 
     </span>
     <span class='ocr_line' id='line_1_35' title="bbox 332 4123 1139 4191; baseline 0.001 -16"><span class='ocrx_word' id='word_1_294' title='bbox 332 4123 390 4175; x_wconf 88' lang='lat' dir='ltr'>cilii</span> <span class='ocrx_word' id='word_1_295' title='bbox 410 4124 518 4189; x_wconf 86' lang='lat' dir='ltr'>Epopis</span> <span class='ocrx_word' id='word_1_296' title='bbox 537 4123 618 4176; x_wconf 89' lang='lat' dir='ltr'>obliti</span> <span class='ocrx_word' id='word_1_297' title='bbox 638 4129 713 4189; x_wconf 89' lang='lat' dir='ltr'>sunt,</span> <span class='ocrx_word' id='word_1_298' title='bbox 733 4125 794 4177; x_wconf 90' lang='lat' dir='ltr'>loco</span> <span class='ocrx_word' id='word_1_299' title='bbox 814 4127 969 4191; x_wconf 79' lang='lat' dir='ltr'>nescioquo</span> <span class='ocrx_word' id='word_1_300' title='bbox 988 4125 1033 4190; x_wconf 89' lang='lat' dir='ltr'>agi</span> <span class='ocrx_word' id='word_1_301' title='bbox 1053 4125 1139 4177; x_wconf 83' lang='lat' dir='ltr'>dicas.</span> 
     </span>
    </p>
   </div>
   <div class='ocr_carea' id='block_1_4' title="bbox 0 0 1618 5034">
    <p class='ocr_par' dir='ltr' id='par_1_5' title="bbox 0 0 1618 5034">
     <span class='ocr_line' id='line_1_36' title="bbox 0 0 1618 5034; baseline 0 3"><span class='ocrx_word' id='word_1_302' title='bbox 0 0 1618 5034; x_wconf 95' lang='lat' dir='ltr'> </span> 
     </span>
    </p>
   </div>
  </div>
 </body>
</html>
