3225 5034
681 421 859 482 „59-

240 610 315 668 osse,
339 595 396 672 qui
418 596 562 656 fabulam
587 597 662 674 legit
684 602 717 659 ot
740 617 779 659 ex
802 617 840 659 oa
862 600 923 660 hcc
946 601 1110 674 conclusit,
1135 622 1239 681 neque
1254 623 1305 665 ex-

240 701 441 779 plicationem
475 704 562 764 docti
585 705 785 782 grammatici
811 724 877 767 esse
900 707 1067 785 significat,
1093 710 1148 786 qui
1172 729 1189 770 e
1212 711 1306 772 fonti·

240 805 298 868 bus
322 807 422 869 doctis
446 809 478 869 id
503 810 618 871 haunt.
665 811 699 871 in
723 810 873 873 lemmate
896 820 984 875 extat
1006 822 1063 874 πού
1088 811 1163 875 ’στιν
1184 809 1305 896 illocr-

239 910 326 986 λεὺςς
361 933 392 975 u.
425 917 491 978 504
515 917 554 977 de
579 917 700 978 Ledaeis
723 918 814 996 legit3
839 920 942 981 Choes
964 921 1050 982 diem
1073 923 1246 984 alicuiusf
1296 924 1303 938 ‘

239 1039 305 1081 osse
339 1022 509 1095 intolloxit3
545 1024 613 1085 haec
646 1024 761 1085 Loriaea
795 1043 863 1086 osse
902 1028 1010 1088 statim
1047 1029 1172 1107 collegit
1206 1037 1237 1091 et
1260 1030 1305 1092 sic

238 1127 374 1205 possam
398 1130 559 1191 conflauit.
604 1141 654 1191 ost
676 1132 737 1192 lroc
760 1150 861 1192 unum
885 1132 925 1192 de
948 1134 1076 1197 scholiis
1093 1137 1176 1196 male
1192 1136 1304 1210 doctis,

239 1253 374 1311 quorum
409 1237 496 1297 haud
529 1256 625 1316 parua
651 1239 743 1316 copia
764 1236 890 1300 codices
913 1240 1135 1320 Aristophanis
1158 1243 1305 1304 instructi
1334 1307 1336 1311 ,

238 1347 376 1403 suntne
399 1344 474 1405 Rev.
500 1343 630 1421 quidem
653 1351 800 1424 excopio;
826 1365 923 1424 quare
947 1348 1075 1410 scholiis
1091 1348 1224 1427 singulis
1240 1366 1305 1411 non

180 1424 183 1443 ¹
237 1452 359 1508 tantam
384 1449 481 1510 fidem
505 1451 621 1512 habere
643 1452 809 1530 prudentis
832 1461 888 1514 est.

344 1555 407 1627 uui
429 1556 544 1617 Lenaea
566 1564 597 1619 et
620 1559 821 1620 Anthcsteria
844 1560 930 1620 idem
954 1579 1021 1622 esso
1044 1561 1162 1622 festum
1178 1568 1303 1642 putant,

237 1660 276 1721 ad
312 1681 380 1722 rem
413 1682 506 1724 suam
542 1663 823 1727 demonstrandam
858 1668 1055 1728 contendunt
1078 1671 1246 1748 templum,
1271 1670 1305 1730 in

237 1785 301 1846 quo
323 1770 565 1844 celebrarentur,
590 1771 675 1832 idem
700 1773 806 1833 luisse.
855 1793 927 1852 quae
950 1775 1084 1853 quaestio
1105 1795 1142 1836 eo
1157 1777 1305 1856 inprimis

236 1874 337 1936 ardua
369 1885 400 1938 ct
421 1878 572 1956 ambigua
594 1880 679 1959 lac-ta
705 1886 762 1954 est,
786 1880 871 1957 quod
897 1900 970 1942 cum
994 1882 1050 1943 lite
1073 1882 1113 1943 de
1136 1883 1234 1945 Thuo.
1261 1884 1303 1957 II,

240 1984 279 2044 15
315 1985 467 2045 acerrima
502 1987 671 2047 coniuncta
698 1993 754 2050 cst.
801 2006 875 2049 cum
899 1989 975 2049 Sam
1001 1988 1092 2050 Wide
1116 1990 1153 2050 N.
1178 1989 1303 2051 Tidslrr.

237 2091 258 2152 f.
295 2090 374 2154 Phil.
414 2091 508 2167 1900,
540 2094 601 2155 156
626 2112 695 2173 sqq.
721 2096 971 2157 luculentissime
995 2096 1130 2157 candem
1154 2114 1304 2173 exposue·

237 2198 278 2259 rit
299 2201 501 2274 sententiam,
524 2219 623 2279 quam
648 2221 704 2280 ego
729 2210 890 2264 assecutus
913 2221 995 2277 sum,
1014 2203 1054 2263 do
1070 2220 1106 2264 eo
1122 2205 1191 2264 loco
1206 2202 1305 2263 uerba

237 2306 338 2367 locere
374 2306 453 2367 mihi
488 2327 569 2389 opus
603 2329 668 2369 non
692 2315 764 2377 est„
796 2330 860 2370 non
885 2311 1028 2388 cogimur
1051 2311 1106 2370 illa
1129 2311 1208 2383 loca,
1232 2326 1304 2387 quae

237 2420 466 2475 commemorat
499 2414 711 2494 Thucydideo,
745 2416 779 2476 in
813 2436 879 2477 una
901 2418 1026 2495 regione
1050 2434 1178 2494 unoque
1201 2422 1330 2477 tractu-

237 2520 298 2582 sita
320 2538 388 2582 esse
410 2541 537 2601 ponere,
562 2521 617 2583 sed
641 2522 674 2581 id
698 2523 801 2583 solum
827 2524 1014 2584 concludere
1038 2523 1111 2584 licet
1133 2523 1202 2584 haec
1225 2524 1302 2595 loca,

238 2629 264 2689 ei
297 2647 337 2688 ca
370 2629 480 2688 omnia
514 2629 672 2708 respicias,
709 2630 773 2689 lore
807 2630 972 2690 meridiem
1001 2647 1113 2691 uersus
1135 2630 1197 2690 sita
1219 2647 1302 2701 esse;

237 2734 322 2814 quod
356 2753 430 2795 cum
466 2734 511 2794 ita
546 2735 596 2808 sit,
630 2736 708 2796 satis
742 2735 834 2813 longe
857 2736 940 2796 inter
962 2755 995 2796 se
1016 2737 1135 2797 distare
1158 2745 1301 2814 possunt.

237 2840 445 2919 quamobrem
483 2859 681 2918 quamquam
719 2842 940 2920 Thucydidem
978 2840 1018 2902 ad
1057 2843 1187 2921 templa,
1232 2860 1303 2919 quae

237 2966 334 3027 prope
369 2947 499 3009 [lissum
532 2954 617 3022 sunt,
653 2952 794 3027 spectare
828 2949 996 3029 sumimus,
1030 2949 1069 3009 de
1093 2949 1303 3010 Enneacruno

237 3054 439 3133 Doerpleldio
466 3056 611 3117 assentiri
634 3056 716 3128 licet,
741 3055 768 3116 si
791 3055 862 3116 aliis
886 3055 925 3115 de
947 3057 1050 3116 causis
1074 3056 1106 3116 id
1130 3056 1303 3117 uerisimile

236 3160 377 3236 uidetur3
413 3162 453 3222 de
487 3163 600 3223 Lenaeo
635 3163 715 3223 nihil
739 3168 881 3242 apparet,
906 3162 967 3223 nisi
991 3162 1051 3222 hoe
1074 3180 1200 3240 quoque
1223 3169 1301 3224 tem·

236 3268 326 3348 plum
341 3288 361 3329 a
373 3269 572 3329 meridionali
584 3276 672 3347 parte
684 3269 765 3330 arcis
778 3268 986 3346 quarendum
999 3287 1066 3330 esso
1078 3270 1300 3346 intellegimus.

236 3374 423 3453 Thucydide
461 3376 557 3453 igitur
594 3377 712 3437 omisso
748 3375 957 3453 quaerendum
997 3381 1053 3447 est,
1092 3376 1302 3454 templumne‚

237 3481 322 3559 quod
348 3482 481 3543 ‘inuenit
514 3482 693 3560 Doerpfeld,
730 3483 846 3543 Bacchi
880 3482 915 3542 in
950 3481 1073 3541 Limnis
1107 3499 1174 3542 osse
1206 3482 1303 3542 statui

236 3589 345 3666 possit,
369 3606 462 3667 porro
478 3587 670 3648 Lenaeumno
686 3589 719 3648 id
735 3606 803 3649 esse
820 3589 916 3650 statui
932 3587 1043 3667 possit,
1061 3587 1175 3648 deinde
1192 3589 1303 3649 aliane

237 3695 301 3755 sint
334 3712 446 3767 causae,
482 3710 554 3772 quae
589 3694 720 3755 Limnaei
758 3701 789 3755 et
816 3695 921 3755 Lenaei
944 3695 1102 3774 templum
1126 3694 1212 3755 idem
1236 3713 1303 3756 esse

237 3799 462 3861 demonstrent.
510 3819 646 3878 quarum
681 3801 894 3879 quaesticnum
931 3803 1049 3880 priores
1073 3802 1154 3863 duas
1177 3821 1214 3861 eo
1237 3809 1303 3862 tan·

237 3914 305 3967 tum
319 3915 425 3968 nostra
438 3907 567 3969 intereat
578 3912 719 3980 tractare,
730 3906 830 3985 quod,
841 3907 868 3968 si
879 3908 982 3968 ambae
991 3908 1205 3981 affirmantur,
1217 3925 1303 3967 exeo

236 4015 392 4092 templum
428 4032 530 4074 unum
563 4014 660 4076 fuisse
683 4014 838 4092 sequitur.
885 4016 939 4074 sed
964 4033 1029 4093 prae
1052 4016 1212 4093 paucitate
1235 4013 1302 4073 reli·

236 4122 383 4198 quiarum
405 4128 569 4193 ,noui-ram
603 4121 777 4183 diiudicare
809 4138 992 4200 possumus.
1037 4141 1114 4181 nam
1138 4128 1169 4182 ot
1193 4139 1303 4182 mensa
