3225 5034
705 419 903 478 -134—

268 597 424 658 Mercurio
451 596 582 674 quidem
606 597 708 657 infero
731 597 970 674 panspermiam
994 597 1136 658 oblatam
1160 617 1226 659 esse
1245 601 1339 676 uulgo

268 703 402 764 credunt
437 704 565 764 scholiis
600 703 660 776 fisi,
696 704 750 764 sed
784 702 922 763 dubium
957 722 1021 763 nou
1056 712 1112 775 est,
1142 705 1219 783 quin
1247 706 1339 784 Voigt

268 829 338 870 eam
363 817 445 870 recte
468 810 575 871 cibum
595 810 739 870 manium
756 828 824 870 esse
840 809 926 870 dicat
941 807 1013 887 (lex.
1031 810 1181 872 Roscheri
1198 812 1214 871 Ι
1232 812 1338 888 1073),

268 936 371 995 neque
406 936 422 977 e
457 917 643 993 fragmentis
678 917 878 995 Theopompi
914 936 984 976 eum
1021 917 1080 977 deo
1107 918 1248 979 oblatam
1272 937 1340 981 esse

268 1023 455 1085 concludere
490 1043 616 1085 necesse
640 1029 695 1085 est.
743 1023 845 1084 Persa
869 1042 996 1101 quoque
1020 1025 1079 1084 hoc
1103 1025 1173 1103 ipso
1197 1035 1339 1104 tempore

268 1131 344 1190 anni
382 1132 530 1192 manibus
565 1130 673 1191 cibum
709 1129 887 1191 offerebant
922 1128 1110 1211 (Lehmann,
1135 1132 1340 1195 Zarathustra

268 1238 308 1297 81
346 1238 403 1315 sq).
450 1238 558 1317 itaque
593 1238 798 1316 pauspermia
826 1237 1025 1314 .Ohytrorum
1050 1239 1192 1299 eiusdem
1216 1241 1339 1316 generis

267 1351 315 1405 est
349 1353 445 1422 atque
479 1345 600 1405 inferiae
636 1351 667 1405 at
702 1343 880 1416 libationes,
910 1363 981 1423 quae
1006 1346 1140 1405 mortuis
1164 1346 1337 1416 dabantur;

267 1450 335 1512 hoc·
351 1457 478 1511 tantum
502 1453 642 1522 interest,
667 1451 753 1529 quod
778 1451 906 1528 Chytris
930 1452 1068 1530 populus
1084 1453 1244 1525 omnibus,
1263 1472 1339 1532 prae⁴

266 1563 352 1619 terea
375 1577 505 1619 suorum
531 1559 666 1636 quisque
691 1558 840 1619 manibus
861 1558 1075 1629 sacrificabat;
1092 1567 1200 1620 utrum
1217 1560 1339 1621 inferia

267 1683 308 1725 an
344 1684 432 1726 sacra
467 1674 630 1737 nocentur,
656 1660 735 1725 nibil
760 1666 864 1733 refert.
890 1665 975 1743 quod
1001 1666 1123 1726 inferiae
1146 1667 1223 1744 ipsae
1247 1666 1339 1728 cibus

267 1772 412 1833 manium
452 1792 519 1833 esse
558 1772 776 1833 credebantur.
843 1773 1018 1851 saepissime
1057 1781 1162 1833 autem
1205 1774 1338 1836 mortuis

266 1880 434 1940 libationes
470 1879 726 1945 effundebantur,
764 1881 865 1941 rarius
900 1879 1052 1952 animalia
1079 1879 1339 1941 sacrificabantur

267 1984 404 2066 (Stengel
429 1988 462 2047 in
487 1987 576 2048 ench,
605 1988 729 2049 Miilleri
754 1988 792 2058 V,
819 1984 857 2047 3²
883 1987 945 2046 128
970 1986 1050 2064 sqq),
1075 1986 1128 2046 sed
1154 1987 1239 2046 olera
1262 2005 1338 2064 quo

266 2112 328 2171 que
367 2101 399 2154 et
436 2095 542 2169 fruges
580 2095 667 2155 haud
707 2115 776 2156 raro
815 2095 1042 2166 inferebantur,
1083 2094 1138 2171 qui
1174 2112 1243 2155 mos
1278 2094 1338 2154 lor·

266 2207 349 2261 tasse
382 2203 536 2262 uetustior
560 2209 634 2261 erat.
683 2203 769 2262 huno
793 2202 920 2263 uidetur
945 2201 1052 2261 Cicero
1076 2205 1189 2260 reterre
1214 2200 1253 2260 de
1277 2201 1335 2278 leg.

267 2308 310 2379 ll,
336 2309 377 2367 63
392 2304 422 2386 ι),
448 2327 646 2386 quamquam
670 2328 743 2369 eum
770 2311 852 2369 male
875 2309 1040 2368 intellexit.
1090 2327 1182 2385 porro
1201 2308 1233 2366 in
1252 2308 1337 2368 uasis

266 2414 454 2475 funebribus
491 2417 592 2493 pictis,
629 2435 701 2494 qua>
735 2416 853 2493 lecythi
889 2416 969 2475 albae
1002 2421 1166 2485 uocantur,
1191 2433 1281 2475 sacra
1303 2414 1337 2473 in

266 2522 392 2582 tumulo
427 2522 537 2582 inferri
573 2523 730 2595 uidemus,
766 2524 849 2583 inter
883 2540 954 2600 quae
983 2522 1137 2600 placenta
1160 2529 1191 2581 et
1214 2521 1336 2582 fructus

266 2629 393 2705 agnosci
406 2638 549 2707 possunt.
575 2630 728 2690 sacrificia
740 2629 860 2690 cibaria
869 2628 1020 2689 heroibus
1030 2647 1156 2706 quoque
1167 2627 1336 2701 dabantur,

266 2736 322 2814 qui
346 2743 382 2797 ut
407 2755 515 2798 manes
531 2730 725 2797 colebantur.
766 2737 814 2806 iis,
833 2736 938 2814 quiin
956 2755 1062 2814 pugna
1079 2735 1243 2796 Plataeensi
1261 2736 1336 2795 ceci·

266 2843 388 2915 derant,
424 2842 612 2904 Plataeenses
639 2844 737 2904 Thuo.
763 2844 824 2913 ΙΙΙ,
851 2844 902 2912 58,
928 2844 947 2902 4
972 2861 1005 2903 se
1029 2846 1108 2902 terre
1132 2841 1254 2915 dicunt,
1279 2836 1336 2901 ὅσα

267 2967 297 3007 τε
321 2944 339 3031 γ’,
365 2957 401 3029 γῇ
426 2946 510 3031 ἡμῶν
535 2946 673 3010 ἀνεδίδου
693 2944 802 3026 ὡραῖα,
820 2951 934 3008 πάντων
952 2945 1106 3029 ἀπαρχάς,
1123 2959 1155 3011 et
1170 2967 1269 3028 panes
1285 2950 1337 3008 he·

166 3085 168 3090 ·
265 3057 374 3116 roibus
410 3057 600 3117 sacrificatos
636 3076 703 3117 esse
733 3057 832 3117 tradit
856 3058 1028 3117 Pausanias
1053 3057 1112 3128 lll,
1139 3057 1191 3125 23,
1217 3058 1247 3128 5,
1281 3057 1334 3128 Vl,

267 3164 319 3237 20,
357 3166 385 3222 2.
423 3164 557 3224 Athenis
592 3184 702 3225 manes
732 3164 859 3243 Chytris
883 3163 1069 3225 colebantur
1091 3164 1203 3224 eodem
1229 3164 1334 3235 modo,

265 3289 330 3348 quo
370 3271 574 3332 bellatoribus
613 3272 737 3332 Plataeis
772 3272 861 3332 caesis
896 3272 1029 3349 aliisque
1066 3271 1200 3332 mortuis
1236 3267 1336 3336 δαῖτες

266 3373 385 3458 ἔννομοι
419 3378 538 3451 (AEsch⁴
576 3378 717 3456 Choeph.
755 3375 832 3459 470)
855 3385 886 3438 et
910 3374 1015 3436 δεῖπνα
1038 3377 1206 3438 dabantur.
1256 3398 1335 3449 moa,

265 3486 321 3563 qui
357 3486 492 3545 lrustula
519 3486 628 3546 tollere
653 3486 764 3555 uetuit,
789 3504 862 3563 quae
885 3485 918 3545 iu
943 3486 1045 3563 epu-lis
1074 3503 1185 3545 mensa
1212 3485 1334 3545 decide-

377 3695 395 3760 ¹)
416 3695 471 3748 cu.
490 3696 522 3748 de
540 3696 587 3763 lep.
612 3696 652 3758 H,
673 3698 708 3750 63
727 3695 799 3749 Nam
820 3699 846 3748 et
858 3695 973 3748 Attenia
988 3699 1041 3747 lam
1054 3694 1099 3747 ille
1112 3710 1169 3747 roos
1181 3710 1199 3747 a
1214 3693 1335 3760 Cecrope

265 3789 298 3838 ut
307 3786 397 3847 uiurrt,
404 3786 560 3851 permansit
568 3789 703 3838 mortuum
716 3789 791 3838 terro
800 3783 943 3848 bastardi,
954 3800 1036 3851 quom
1047 3800 1130 3851 quam
1136 3781 1261 3850 proximi
1271 3781 1335 3834 iaie-

265 3879 360 3927 cerunt
381 3874 545 3941 obductaque
566 3878 639 3927 terra
658 3877 725 3940 erat,
739 3873 874 3942 fruqibuc
893 3872 1071 3937 adserebatur,
1090 3875 1124 3924 ut
1140 3871 1218 3924 sinus
1236 3873 1263 3922 et
1277 3886 1335 3938 pre-

265 3963 352 4015 mium
380 3963 459 4030 quusi
487 3964 585 4016 matria
608 3966 714 4016 mortuo
735 3962 911 4026 tribueretur,
930 3961 1017 4014 solum
1035 3964 1124 4015 cutem
1139 3959 1274 4029 fracibus
1293 3974 1335 4012 es-

261 4057 372 4119 piatum
399 4056 430 4105 ut
453 4052 529 4105 uiuis
547 4053 713 4105 redderetur.
750 4050 931 4119 sequebantur
949 4051 1043 4118 epuler,
1063 4066 1131 4117 quoa
1149 4049 1258 4103 inibant
1272 4065 1334 4116 pro-

260 4142 362 4209 pinqui
382 4146 503 4195 coronati
521 4146 567 4194 etc.
