3225 5034
755 397 933 456 -12-

306 574 426 635 omisit.
461 575 502 633 si
537 573 622 633 enim
657 573 846 634 Plutarchus
881 582 955 634 cum
990 592 1099 634 mense
1123 572 1265 636 boeotico
1289 575 1375 648 XII,

232 751 234 756 ¹
309 679 535 754 Alalcomenio,
564 680 628 740 VI..
643 679 785 753 atticum,
823 680 1120 752 Mamacterionem,
1146 681 1277 755 confert,
1302 701 1376 743 eum

306 807 383 848 cum
409 788 444 847 -Ι,
469 787 601 861 boetico,
627 787 768 861 Bucatio,
794 787 867 848 VII.
892 787 1035 860 atticum,
1062 786 1280 863 Posideonem,
1305 809 1376 851 con·

309 895 389 954 ier-re
423 912 549 954 necesse
584 898 641 966 est,
665 893 727 954 nisi
751 894 832 954 forte
855 894 900 954 ita
923 894 1232 972 inconstanteregit,
1258 900 1294 956 ut
1316 897 1376 957 Bu·

306 1002 428 1063 catium
463 1020 537 1062 cum
562 1001 748 1062 Gamelione
771 1001 937 1073 conferret,
962 1001 1048 1078 quod
1074 1000 1143 1062 aliis
1168 1001 1377 1063 intercalandi

308 1107 485 1168 rationibus
519 1107 631 1186 positis
667 1107 902 1168 Alalcomenius
933 1108 1012 1168 alter
1035 1107 1202 1169 Posideoni
1225 1116 1256 1169 ct
1280 1110 1376 1170 Buca·

308 1215 373 1276 tius
407 1214 587 1276 Gamelioni
621 1213 833 1292 responderet,
866 1213 1092 1274 Prostaterium
1117 1221 1234 1288 autem,
1260 1216 1325 1294 qui,
1350 1216 1378 1277 si

308 1321 360 1382 ita
385 1328 475 1395 esset,
500 1320 744 1400 Elaphebolioni
768 1320 981 1399 responderet,
1009 1322 1292 1383 Anthesterionem'
1310 1341 1377 1384 esse

309 1427 427 1488 diceret
449 1424 578 1507 (Quaest.
603 1446 697 1506 symp
718 1427 781 1501 ΙΙΙ,
800 1426 830 1500 7,
851 1426 888 1506 1).
927 1434 1078 1506 praeterea
1093 1429 1248 1489 rationem
1265 1431 1377 1490 sollen-

309 1553 393 1607 nem‚
429 1534 555 1595 etiamsi
590 1534 669 1594 ratio
704 1534 865 1595 incalandi
896 1553 967 1594 eam
991 1535 1152 1595 interdum
1177 1535 1375 1605 obscurabat,

307 1660 435 1720 semper
458 1640 548 1718 sequi
572 1640 725 1701 nimirum
749 1641 852 1702 debet.

418 1748 559 1808 Alteram
584 1765 681 1824 quam
705 1747 839 1826 protulit
862 1747 984 1809 Gilbert
1007 1767 1074 1808 rem
1097 1747 1182 1808 haud
1200 1755 1282 1809 recte
1298 1749 1375 1809 aesti-

312 1855 430 1924 mauit;
466 1861 514 1915 est
548 1855 634 1914 enim
668 1854 838 1915 Plutarcho
872 1855 1048 1933 proprium,
1086 1860 1121 1915 ut
1155 1856 1187 1915 in
1213 1854 1398 1915 mensibus

308 1961 414 2022 atticis
437 1978 517 2021 ¹cum
533 1962 673 2022 romanis
697 1961 920 2039 comparandis
944 1980 1087 2024 mensem
1104 1979 1272 2022 romanum
1284 1961 1373 2021 adhi-

310 2068 392 2141 beat,
418 2068 474 2145 qui
497 2086 581 2139 eum,
603 2086 742 2146 quocum
758 2083 880 2145 graecus
896 2074 978 2129 recte
995 2076 1206 2147 comparatur,
1224 2068 1374 2145 sequitur.

310 2175 458 2253 exempla
492 2193 521 2236 u.
559 2195 589 2253 p.
629 2170 712 2255 101).
760 2175 884 2236 Gilbert
918 2175 1124 2236 Plutarchum
1159 2176 1193 2235 in
1228 2174 1376 2235 boeoticis

307 2300 437 2360 quoque
461 2281 625 2343 mensibus
647 2301 721 2343 cum
737 2282 843 2343 atticis
857 2282 1081 2360 comparandis
1098 2283 1231 2344 atticum
1248 2288 1378 2359 sequen·

311 2395 375 2449 tem
412 2387 596 2450 adhibuisse
632 2388 739 2462 credit,
776 2394 807 2448 et
842 2407 915 2448 cum
951 2408 987 2448 eo
1023 2389 1100 2449 lacit
1127 2390 1232 2466 Unger
1256 2390 1275 2448 l.
1301 2389 1320 2447 l.
1346 2408 1376 2466 p.

313 2496 377 2557 730
401 2515 473 2556 ann.
500 2497 519 2555 4
544 2501 577 2556 et
598 2515 630 2573 p.
656 2494 717 2555 757
743 2514 817 2555 ann.
839 2495 866 2567 1,
884 2496 939 2572 qui
956 2514 1080 2556 menses
1097 2494 1255 2556 boeoticos
1271 2515 1290 2555 a
1305 2494 1379 2555 sede

311 2622 375 2663 non
412 2602 608 2663 aberrauisse
631 2608 748 2680 putans
772 2609 912 2662 ueterem
936 2602 1101 2676 rationem,
1127 2620 1198 2679 quae
1221 2601 1379 2661 intereos

308 2716 345 2770 et
377 2711 489 2771 atticos
522 2709 626 2781 luerit,
651 2728 668 2768 e
692 2708 772 2768 Plut.
798 2709 860 2769 Pel.
889 2704 1195 2789 alt-colligendam
1213 2727 1286 2769 esse
1310 2726 1378 2768 cen·

313 2823 368 2877 set.
416 2817 472 2894 qui
511 2816 599 2877 locus
637 2834 710 2876 cum
747 2816 1002 2876 Alalcomcnium
1040 2834 1103 2875 una
1138 2834 1211 2875 cum
1245 2813 1379 2874 solstitio

421 2953 440 3019 1)
458 2957 543 3008 Hanc
562 2971 623 3007 rem
642 2954 793 3020 diligenter
812 2959 978 3021 persecutus
998 2959 1042 3005 est
1061 2955 1157 3017 Unger
1175 2952 1284 3019 primus
1297 2952 1379 3004 ench.

309 3047 333 3098 Ι.
361 3045 475 3097 Mulleri
505 3041 532 3095 Ρ
557 3061 585 3111 p.
608 3043 659 3096 757
679 3059 740 3109 sqq.
759 3043 784 3094 si
803 3043 974 3095 Plutarchus
993 3042 1136 3094 interdum
1149 3045 1252 3093 uetere
1270 3035 1380 3093 ratione

313 3135 410 3198 ut'tur,
429 3135 484 3187 hoc
504 3135 608 3187 mirum
627 3149 686 3186 non
704 3137 756 3199 est,
785 3148 849 3185 cum
870 3148 933 3184 eam
953 3149 970 3184 a
987 3136 1085 3184 uetere
1103 3132 1241 3197 scriptore
1260 3135 1380 3183 haustu-

313 3224 385 3277 lerit.
413 3224 484 3289 (Nic.
513 3223 556 3289 28,
585 3223 666 3276 Alex.
686 3222 711 3288 3,
738 3223 836 3287 Unger
854 3238 881 3288 p.
902 3220 953 3274 757
973 3237 1039 3273 ann.
1060 3221 1159 3274 Timol.
1180 3220 1213 3273 27
1234 3224 1331 3272 autem
1350 3220 1380 3271 in

310 3313 347 3366 iis
375 3294 445 3386 locis
474 3328 533 3364 non
561 3317 637 3364 recte
656 3326 806 3363 numerare
825 3311 947 3374 uidetur,
973 3311 1050 3375 quod
1069 3310 1202 3376 Vergiliis
1222 3309 1380 3361 orientibus

218 3448 221 3457 ι
309 3401 358 3454 die
377 3402 457 3454 XIV.
476 3401 545 3454 Maii
564 3401 723 3453 secundum
742 3400 895 3452 Eudoxum
915 3404 998 3451 aestas
1018 3399 1120 3466 incipit
1138 3403 1167 3451 et
1185 3400 1213 3450 h.
1233 3399 1250 3450 l.
1270 3394 1380 3464 ἱσταμέ-

308 3506 355 3540 νου
384 3488 484 3558 δέρους
502 3489 619 3556 legitur;
640 3490 737 3554 Unger
756 3489 974 3553 Thargelionem
994 3489 1022 3541 h.
1041 3489 1060 3541 l.
1080 3488 1188 3540 Maium
1208 3502 1271 3538 esse
1290 3486 1380 3551 putat,

309 3579 445 3645 equidem
463 3579 559 3646 potius
578 3577 703 3644 Iunium,
722 3583 755 3630 ut
773 3578 879 3630 assolet
898 3576 1086 3641 Plutarchus.)
1194 3617 1197 3621 .

419 3664 439 3734 ²)
466 3667 540 3721 Plut.
569 3668 627 3720 Pel.
656 3667 691 3719 24
718 3665 803 3718 καίτοι
832 3672 968 3736 χειμῶνας
996 3668 1043 3734 μὲν
1065 3660 1137 3735 ἦσαν
1156 3661 1261 3732 αἱπερὶ
1279 3663 1381 3730 τροπὰς

313 3755 405 3824 ἀκμαί,
425 3757 511 3825 μηνὸς
530 3753 557 3806 δὲ
577 3761 622 3806 τοῦ
642 3753 793 3807 τελευταίου
812 3757 840 3824 (ἰ.
860 3772 884 3809 e.
897 3754 1123 3820 Alalcomenius)
1140 3751 1279 3821 φθίνοντος
1293 3749 1381 3819 ὀλίγαι

311 3851 440 3915 περιῆσαν
468 3843 570 3915 ἡμέραι
598 3844 644 3894 καὶ
671 3844 720 3914 τὴν
749 3843 837 3915 ἀρχὴν
866 3842 918 3895 ἔδει
936 3841 1156 3914 παραλαμβάνειν
1176 3840 1280 3911 ἑτέρους
1301 3838 1382 3899 εὐθὺς

311 3931 450 4004 ἱεταμὲνου
478 3939 523 3984 τοῦ
552 3932 653 4003 πρώτου
683 3934 777 4003 μηνός,
806 3932 827 4003 ἢ
851 3934 979 4003 θνήσκειν
997 3933 1058 3991 τοὺς
1077 3932 1117 4001 μὴ
1137 3928 1337 4000 παραδιδόντας.
1358 3926 1382 3978 οἱ

309 4021 339 4073 δὲ
369 4020 447 4073 ἄλλοι
476 4022 640 4094 βοιωτάρχαι
669 4022 714 4073 καὶ
735 4025 778 4074 τδν
798 4023 876 4092 νόμον
895 4020 1009 4081 δεδιότες
1028 4026 1118 4071 τοῦτον
1136 4020 1243 4070 καὶτὸν
1262 4025 1382 4088 χειμῶνα

309 4110 453 4182 γφεύγοντες
475 4110 588 4181 ἀπάγειν
607 4110 728 4163 ἔσπευδον
748 4111 787 4162 ἐπ’
808 4109 881 4163 οἴκου
900 4114 928 4163 τὸ
949 4111 1106 4180 στράτευμα,
