3225 5034
336 1453 526 1549 Cetera
557 1456 622 1547 de
651 1455 973 1571 temporibus
1003 1455 1359 1568 Dionysiorum

527 1606 828 1699 testimonia
860 1609 1165 1699 traetantur.

420 1839 491 1899 Non
526 1857 629 1917 pauca
663 1839 845 1900 testimonia
880 1839 919 1899 de
947 1839 1108 1917 DionysiIs
1136 1840 1240 1900 attioIs
1268 1845 1382 1918 praeter

313 1946 433 2008 scholia
456 1945 616 2007 Hesiodea
638 1951 669 2006 et
692 1965 737 2019 aa,
763 1965 835 2024 quae
858 1965 898 2005 ex
920 1946 959 2006 iis
982 1945 1132 2024 pendent,
1150 1952 1272 2007 ueteres
1288 1945 1381 2006 nobis
1423 1988 1427 1995 -

312 2053 521 2122 tradiderunt,
558 2053 598 2113 ad
627 2072 698 2131 quae
721 2052 914 2114 recensenda
936 2071 1022 2114 nuno
1045 2060 1179 2114 transeo.
1227 2053 1381 2131 quoniam

312 2167 403 2221 terna
426 2165 501 2221 sunt
523 2160 676 2237 Dionysia
700 2155 786 2239 (nam
811 2179 935 2236 magna,
961 2160 1080 2239 quippe
1104 2160 1143 2220 de
1164 2160 1281 2239 quibus
1297 2165 1381 2220 certo

313 2272 444 2340 constet,
480 2287 545 2327 non
580 2262 734 2348 respicio),
767 2267 801 2326 in
825 2266 910 2326 idem
935 2269 1051 2328 festum
1077 2265 1153 2327 bina
1177 2268 1291 2328 collata
1314 2284 1381 2328 esse

313 2374 442 2451 cogitari
477 2378 594 2452 potest;
638 2393 735 2452 quare
770 2373 1020 2451 disputationem
1055 2374 1100 2434 ita
1134 2373 1311 2446 instituam,
1345 2380 1381 2433 ut

313 2479 455 2559 primum
479 2481 512 2540 in
537 2481 651 2541 Lenaea
674 2487 704 2540 et
728 2480 939 2550 Anthesteria
965 2498 1037 2558 quae
1057 2499 1105 2541 res
1122 2481 1307 2559 principalis
1323 2485 1379 2552 est,

313 2587 428 2648 deinde
451 2588 485 2648 in
510 2587 711 2648 Anthesteria.
734 2594 765 2647 et
788 2587 942 2666 Dionysia
965 2588 1107 2664 agrestia,
1125 2587 1166 2647 ad
1182 2593 1381 2666 postremum

313 2694 347 2754 in
370 2694 523 2773 Dionysia
546 2695 680 2772 agrestia
703 2701 734 2755 et
757 2695 872 2754 Lenaea
894 2694 1066 2773 inquiram,
1089 2701 1197 2754 utrum
1214 2694 1299 2754 idem
1317 2695 1381 2754 sint

311 2802 430 2862 festum
455 2821 561 2862 neone.
610 2801 655 2862 sic
678 2802 762 2861 enim
788 2807 976 2877 argumenta
995 2802 1116 2879 optIme
1133 2801 1260 2880 disponi
1277 2800 1379 2874 oredo,

311 2927 352 2968 ne
375 2908 622 2981 confundantur,
647 2909 673 2969 si
696 2908 805 2969 omnia
828 2910 909 2969 testa
933 2908 1029 2969 simul
1053 2913 1236 2969 tractentur.

315 3119 471 3198 Utrum
507 3118 676 3198 Lenaea
711 3141 814 3198 oum
853 3118 1159 3198 linthesteriis
1194 3119 1380 3198 ooniun-

484 3266 592 3343 pere
621 3244 760 3323 lioeat
790 3266 950 3334 neone,
981 3243 1212 3342 quaeritur.

312 3418 370 3487 De
398 3417 649 3499 testimoniis,
681 3437 774 3507 quae
803 3418 855 3489 ad
887 3418 1034 3487 Lenaea
1058 3419 1101 3487 et
1125 3417 1381 3487 Anthesteria

586 3524 836 3613 seiunqenda
860 3524 1107 3595 adhibentur.

419 3709 502 3767 Ante
537 3712 639 3768 cetera
674 3707 862 3785 ponendum
886 3714 933 3769 est
956 3708 1177 3769 testImonium
1200 3708 1292 3781 illud,
1317 3726 1381 3785 quo

312 3814 381 3875 hoeo
404 3833 452 3875 res
476 3813 606 3874 tandem
630 3812 799 3893 profligata
822 3822 878 3875 est.
926 3821 963 3875 ut
978 3814 1045 3875 fieri
1062 3816 1150 3887 solet,
1168 3832 1242 3875 oum
1259 3813 1381 3892 aliquid

313 3922 422 3999 magni
456 3922 610 3982 momenti
639 3922 802 4000 reperitur,
827 3922 888 3983 hoo
911 3922 975 3982 duo
999 3923 1061 3982 uiri
1085 3921 1260 3984 doctissimi
1284 3921 1381 3982 simul

312 4028 519 4089 inuenerunt:
556 4030 592 4088 A.
628 4029 754 4102 Koerte,
791 4030 872 4090 Mus.
909 4029 1010 4090 Rhen.
1040 4029 1099 4089 LII
1123 4048 1153 4107 p.
1181 4029 1244 4089 168
1268 4047 1327 4106 sqq
1350 4033 1382 4088 et

313 4134 346 4195 Ο.
372 4134 583 4197 Wachsmuth
608 4135 690 4196 Abh.
717 4135 748 4196 d.
774 4136 874 4197 stohs.
900 4136 972 4197 Ges.
998 4135 1028 4195 d.
1054 4135 1139 4197 Wiss
1159 4136 1282 4207 XVIII,
1303 4138 1331 4206 1,
1348 4154 1379 4213 p.
