3225 5034
742 411 943 471 —118—

304 586 392 651 ὁπότε
441 586 466 647 δ’
506 585 575 670 ἥκοι
615 584 756 648 Διονυοια
795 588 848 646 καὶ
887 588 985 647 κατίοι
1026 582 1058 653 ἐς
1098 583 1293 667 Ἀκαδημίαν
1331 584 1377 665 (iu

306 699 418 758 lanum
442 696 529 757 haud
555 715 708 773 magnum
732 696 824 755 Paua.
851 696 871 753 l.
896 695 930 770 l.)
954 695 985 752 τὸ
1010 699 1060 753 τοῦ
1085 690 1229 752 Διονυοου
1250 688 1328 760 ἕδος,
1347 690 1377 753 ἐν

306 799 491 884 Κεραμεικῷ
508 803 630 870 ποτίζων
648 797 758 868 ἀστοὺς
774 796 886 882 ὁμοίως
898 801 950 859 καὶ
963 795 1065 869 ξένους
1077 795 1316 881 κατακειμένους
1329 796 1377 860 ἐπὶ

305 908 453 988 στιβάδων
487 916 596 969 κιττου.
645 909 798 985 Dionysia
832 908 952 969 scilicet
987 927 1101 985 magna
1133 914 1222 981 sunt3
1247 908 1310 968 nisi
1332 908 1377 969 ita

305 1023 396 1089 esset,
426 1018 494 1078 haec
517 1037 580 1077 uox
606 1036 670 1076 nou
693 1017 760 1076 sola
783 1015 952 1075 sufficeret.
1000 1013 1039 1074 de
1062 1014 1101 1075 iis
1125 1015 1231 1074 locum
1257 1015 1378 1093 accepit

306 1126 399 1185 Wide
424 1125 498 1184 Ath.
525 1123 630 1184 Mitth.
656 1123 745 1196 XIX,
772 1121 835 1183 273
860 1142 887 1182 a.
916 1117 980 1199 11).

413 1233 450 1291 In
487 1232 597 1292 ceteris
626 1249 753 1307 quoque
777 1228 871 1289 rebus
895 1229 945 1289 hae
969 1231 1090 1308 nuptiae
1115 1231 1197 1289 ueris
1222 1249 1285 1289 non
1311 1237 1377 1289 tam

306 1339 426 1399 similes
450 1348 534 1410 sunt,
557 1357 653 1415 quam
674 1338 771 1413 uulgo
787 1336 912 1408 dicunt3
938 1315 1044 1415 potius
1061 1338 1204 1397 naturale
1222 1335 1377 1414 quiddam

306 1452 338 1507 et
361 1445 555 1506 obscoenum
579 1444 611 1503 in
637 1444 675 1504 iis
699 1444 796 1503 luisse
822 1443 956 1502 uidetur.
999 1444 1182 1504 Aristoteles
1207 1440 1275 1503 πολ.
1303 1438 1375 1502 ’Aa

307 1554 352 1623 3,ι
388 1551 580 1631 (LXXXVI)
603 1551 642 1610 de
666 1552 704 1611 iis
730 1553 827 1609 uerba
850 1551 970 1610 iaciens
995 1569 1071 1610 uoce
1096 1546 1254 1629 ουμμειξις
1279 1549 1379 1609 utitur

306 1679 378 1737 quae
413 1660 480 1719 sine
512 1656 701 1735 ambagibus
736 1677 801 1716 rem
838 1637 1004 1734 sigirificat,
1041 1656 1165 1716 etiamsi
1202 1656 1273 1733 quis
1298 1654 1379 1716 tueri

308 1767 386 1826 uelit
420 1765 518 1824 uerba
552 1765 704 1842 languida
738 1764 771 1824 in
808 1762 871 1823 fine
906 1764 1016 1824 addita
1039 1763 1092 1821 καὶ
1116 1757 1131 1822 ὁ
1156 1764 1263 1843 γοίμος.
1312 1762 1379 1823 hoec

306 1892 370 1933 uox
407 1872 509 1932 aetatis
544 1871 778 1932 uerecundioris
806 1879 837 1931 et
861 1872 1059 1947 elegantioris
1084 1877 1139 1930 est.
1188 1871 1303 1946 reginae
1327 1868 1378 1930 ad·

306 1980 395 2040 iectae
430 1985 519 2038 erant
554 1977 808 2055 quattuordecim
843 1996 969 2055 gerarae,
999 1996 1070 2054 quae
1094 1977 1190 2038 sacris
1214 1977 1380 2054 perfunge-

306 2085 425 2146 bantur
459 2105 531 2145 cum
568 2086 607 2145 iis
642 2086 780 2156 conexis,
805 2104 876 2163 quae
901 2085 1006 2161 regina
1030 2083 1175 2152 faciebat,
1202 2084 1293 2161 eique
1318 2084 1378 2142 ius·

307 2193 480 2253 iurandum
505 2192 626 2252 dabant
640 2186 671 2269 f)
699 2211 831 2251 munera
847 2210 955 2250 earum
973 2190 1162 2251 caerimoniis
1180 2189 1379 2267 nuptialibus

312 2308 522 2315 ---·—-—·--—-

417 2349 436 2414 ¹)
454 2350 660 2402 Philostratum
680 2349 834 2413 imaginem
856 2344 923 2412 ἕδος,
943 2347 1057 2412 signum
1077 2347 1124 2399 dei
1136 2346 1272 2411 sedentis,
1286 2346 1380 2413 appel·

306 2441 365 2492 lare
393 2439 679 2492 animaduertendum
709 2442 760 2490 est.
798 2439 961 2490 Mommsen
989 2437 1088 2489 Heort.
1114 2435 1167 2489 353
1189 2452 1212 2488 a.
1237 2439 1247 2487 l
1270 2451 1380 2503 uocem,

306 2545 364 2595 qua
392 2531 481 2581 utitur
511 2529 586 2582 Paus
615 2529 636 2592 Ι,
665 2528 708 2588 29,
737 2528 762 2593 2,
792 2524 903 2596 ἄγαλμα
932 2529 1046 2592 signum
1076 2526 1380 2593 chryselephantinum

306 2619 402 2685 aptius
431 2633 516 2683 quam
545 2618 632 2670 uilem
662 2618 815 2679 imaginem
842 2618 966 2683 ligneam
987 2616 1148 2682 significare
1167 2616 1228 2667 iure
1247 2615 1328 2678 dixit,
1348 2617 1381 2665 ut

307 2709 410 2760 horum
438 2707 609 2773 scriptorum
632 2708 810 2773 temporibus
830 2722 902 2773 opus
922 2706 1085 2758 Alcamenis
1104 2706 1135 2756 in
1154 2706 1253 2756 fanum
1275 2703 1381 2756 Acade-

306 2797 373 2848 miae
394 2797 549 2849 deductum
568 2811 632 2846 esse
651 2796 794 2856 uideatur;
815 2796 890 2861 quod
910 2811 987 2847 nunc
1006 2798 1092 2860 negat
1112 2796 1186 2846 Fest.
1207 2794 1272 2845 Ath.
1289 2792 1341 2845 322
1354 2809 1379 2844 a·

307 2884 333 2938 3.
366 2902 400 2938 ea
418 2893 516 2937 tamen
535 2890 618 2936 aetate
638 2885 787 2949 machina,
806 2884 911 2949 quibus
930 2884 959 2935 id
973 2884 1088 2948 signum
1102 2884 1170 2935 ferri
1183 2886 1289 2948 posset,
1304 2886 1381 2935 certo

307 2976 440 3027 fabricari
468 2979 608 3040 poterant.
646 2978 798 3038 antequam
826 2974 994 3026 Alcamenes
1014 2989 1086 3040 opus
1106 2974 1175 3025 fecit
1193 2980 1222 3024 et
1240 2971 1382 3037 templum

309 3065 453 3118 recentius
473 3069 634 3115 extructum
655 3067 707 3128 est,
721 3064 797 3128 quod
811 3069 877 3115 ante
890 3064 975 3115 finem
991 3063 1089 3116 saeculi
1103 3063 1195 3128 quinti
1209 3062 1381 3114 aedificatum

307 3171 366 3207 uon
385 3170 449 3207 esse
468 3159 566 3206 censet
582 3153 738 3218 Doerpfeld
750 3152 795 3217 (de
809 3154 922 3205 theatro
937 3168 1028 3217 graeco
1042 3152 1074 3204 21
1088 3151 1140 3217 sq),
1155 3150 1248 3210 ξόανον
1262 3150 1381 3201 ductum

308 3249 361 3309 est,
390 3248 490 3310 postea
517 3247 613 3294 autem
642 3242 756 3303 signum
781 3242 1094 3308 chryseleplrantinum,
1114 3246 1146 3292 ut
1165 3239 1300 3306 splendor
1318 3238 1381 3290 feri-

307 3349 389 3385 arum
417 3334 507 3384 maior
535 3336 618 3384 esset.
658 3347 693 3383 ex
723 3332 863 3383 ambobus
883 3331 953 3383 locis
973 3335 1092 3396 apparet
1110 3344 1245 3396 pompam
1264 3328 1294 3379 in
1313 3327 1383 3379 Aea·

307 3420 431 3474 demiam
460 3422 572 3480 deduci,
600 3437 658 3472 non
687 3436 722 3472 ex
752 3420 906 3472 Academia
934 3420 1040 3483 induci,
1069 3425 1102 3471 ut
1124 3424 1153 3470 et
1171 3418 1334 3469 Mommsen
1353 3419 1383 3468 et

308 3509 395 3576 Voigt
423 3514 533 3577 putant.
572 3510 607 3561 ad
631 3513 765 3576 pompam
786 3510 816 3561 in
835 3511 936 3561 urbem
956 3507 1101 3561 inductam
1123 3511 1255 3574 spectant
1274 3507 1383 3571 aliquot

308 3600 384 3652 tituli
411 3600 543 3666 ephebiui
563 3615 608 3651 ex.
628 3616 650 3651 c.
672 3599 734 3652 OIA
755 3598 852 3651 11471
873 3600 890 3650 l¹
913 3599 946 3650 12
966 3593 1112 3667 εἰσήγαγον
1133 3593 1159 3645 δὲ
1179 3595 1243 3662 [alul
1262 3597 1304 3645 τὀν
1326 3594 1382 3644 Διδ-

308 3705 382 3738 νυοον
402 3686 452 3738 ἀπὸ
472 3695 523 3758 τῆς
543 3687 660 3757 ἐσχάρας
682 3684 719 3747 εἰς
739 3690 766 3738 τὸ
788 3687 902 3756 θέατρον
922 3689 989 3755 μετὰ
1009 3686 1105 3755 φωτὸς.

417 3776 436 3838 ²)
464 3779 697 3840 Quattuordecim
728 3794 791 3829 aras
820 3782 965 3830 extructas
994 3793 1066 3842 esse,
1095 3777 1125 3828 in
1153 3775 1258 3841 quibus
1278 3789 1383 3838 gerarae

312 3868 427 3919 Baccho
437 3867 643 3930 sacrificabant,
654 3868 742 3919 tradit
753 3868 796 3918 Et.
807 3883 901 3931 magn.
913 3883 935 3918 s.
943 3884 970 3920 u.
983 3871 1105 3937 γεραῐραι
1114 3862 1298 3931 (LXXXIX),
1306 3863 1382 3928 quod

309 3955 425 4023 Chytris
454 3957 561 4007 factum
589 3972 652 4008 esse
681 3957 844 4008 coniectura
873 3941 1065 4008 incertissima
1091 3951 1186 4023 ἵδρυσιν
1205 3954 1235 4005 in
1255 3952 1382 4018 Alciphr.

309 4062 353 4111 ep.
376 4046 413 4110 11,
433 4045 458 4109 3,
480 4047 509 4096 ll
530 4045 600 4111 (CV)
627 4046 855 4098 demonstratum
885 4061 948 4097 esse
976 4027 1156 4097 Mommseno
1179 4059 1237 4094 non
1257 4042 1383 4094 concedo

307 4135 417 4201 (Heort.
456 4134 518 4198 367,
557 4137 631 4186 Fest.
670 4137 736 4186 Atlr.
774 4134 845 4196 399).
893 4149 958 4185 nam
998 4135 1069 4185 ritus
1107 4131 1217 4185 Ohoum
1252 4133 1305 4183 hoc
1336 4130 1383 4182 die
