3225 5034
752 442 789 449 --
820 409 881 469 144
906 443 948 450 -—

493 584 531 645 D.
580 583 787 664 Dionysia
811 602 970 666 maqna
994 590 1034 648 et
1056 603 1200 666 parva.

195 740 298 793 XXIII
425 728 555 803 Argum.
583 727 805 788 Demosthenis
832 729 980 789 Midianae
1004 749 1034 808 p.
1061 731 1134 791 510.

423 838 512 922 ἥγετο
537 839 570 900 δὲ
595 840 662 921 παρ’
690 836 791 911 αὐτοῖς
812 844 865 902 καί
882 844 918 903 τά
934 841 1085 918 Διονυσια,
1103 847 1155 905 καί
1172 854 1265 906 ταυτα
1283 844 1385 917 διπλῶ,

317 948 410 1028 μικροί
446 967 476 1007 τε
511 948 564 1007 καί
596 948 726 1029 μεγάλα,
762 951 815 1009 καί
846 950 882 1010 τὰ
907 954 961 1032 μὲν
985 952 1079 1031 μικρὰ
1102 949 1192 1035 ἤγετο
1217 950 1283 1012 κατ’
1308 950 1384 1028 ἔτος,

317 1054 353 1112 τά
378 1052 411 1114 δέ
435 1054 556 1135 μεγάλα
582 1053 632 1115 διὰ
657 1055 842 1139 τριετηρίδος
867 1053 897 1117 ἐν
922 1066 984 1124 τοῖς
1008 1057 1118 1139 ληνοῖς.

355 1302 648 1394 Testimonie‚
679 1327 784 1404 quoe
815 1305 873 1385 ed
904 1305 1118 1405 Dionysia
1149 1308 1350 1407 agrestia

733 1448 978 1547 pertinent.

426 1627 569 1688 Scaenam
606 1628 860 1689 Acharnensium
889 1624 1064 1711 (nen-84)
1093 1649 1158 1690 non
1181 1630 1386 1702 transscrib0;

319 1733 360 1793 ef.
386 1753 417 1812 p.
444 1734 485 1794 69
510 1754 590 1812 τηεμ,
616 1734 668 1794 91.

200 1862 301 1915 mv
427 1840 675 1920 Theophrastum
700 1842 792 1904 Char.
818 1843 868 1903 ΙΙΙ
892 1839 1104 1924 (Ἀδολεσχία)
1128 1840 1170 1923 (p.
1197 1844 1238 1904 80
1263 1840 1321 1924 eq.)

427 1947 480 2006 καί
515 1948 567 2029 την
592 1946 749 2007 θάλατταν
774 1947 809 2006 ἐκ
833 1946 994 2008 Διονυσίων
1018 1948 1153 2030 πλῶιμον
1178 1944 1321 2009 εἶναι-
1346 1986 1389 1992 -

321 2089 365 2096 —
388 2090 431 2095 —
454 2090 498 2095 —
522 2055 576 2113 καί
600 2048 641 2122 ὡς
668 2050 898 2136 Βοηδρομιῶνος
921 2057 976 2136 μέν
1000 2050 1063 2115 ἐστι
1086 2059 1244 2138 μυστήρια,
1271 2051 1390 2116 Πυανε-

322 2162 432 2241 ψιῶνος
453 2158 485 2220 δέ
503 2162 697 2240 τάπατοίιρια,
719 2157 907 2229 Ποσιδεῶνος
923 2159 955 2221 δὲ
973 2163 1009 2222 τὰ
1025 2161 1093 2223 κατ’
1111 2158 1222 2242 ἀγροὺς
1238 2161 1388 2224 Διονυσια.

216 2291 303 2343 XXV
428 2268 627 2345 Plutarchus,
644 2270 684 2329 de
700 2288 772 2348 ουρ.
790 2270 856 2331 diu.
875 2270 894 2330 8
913 2296 953 2320 =
971 2291 1001 2349 p.
1021 2270 1083 2332 527
1101 2272 1129 2331 I)
1146 2267 1187 2352 (p.
1207 2273 1257 2338 71,
1277 2272 1314 2331 91
1330 2265 1388 2351 sq.)

429 2370 447 2458 ἡ
485 2378 609 2454 πάτριος
644 2387 700 2436 τῶν
729 2373 891 2436 Διονυσίων
916 2371 1003 2458 ἑορτὴ
1029 2378 1060 2436 τὸ
1086 2376 1217 2437 παλαιὸν
1242 2375 1390 2459 ἐπέμπετο

324 2479 492 2563 δημοτικῶς
527 2484 581 2542 καί
617 2480 741 2562 ἱλαρῶς,
778 2479 945 2565 ἀμφορεὺς,
961 2480 1041 2544 οἴνου
1064 2485 1117 2544 καί
1140 2479 1300 2565 κληματίς,
1328 2477 1392 2542 εἶτα

324 2591 433 2670 τράγον
459 2610 502 2658 τις
525 2585 635 2658 εἷλκεν,
662 2587 757 2659 άλλος
772 2588 908 2672 ἰσχάδων
927 2587 1052 2672 ἄρριχον
1068 2586 1236 2671 ἠκολουδει
1251 2592 1391 2671 κομίζων,

324 2693 373 2758 ἐπὶ
396 2706 470 2757 πᾶσι
495 2694 520 2757 δ’
545 2694 561 2758 ὁ
586 2697 712 2781 φαλλός.
739 2697 822 2758 ἀλλὰ
846 2705 895 2758 νῶν
919 2706 1011 2758 ταυτα
1034 2698 1228 2778 παρεώραται
1242 2698 1296 2757 καί
1311 2692 1394 2781 ἠρά-

324 2824 422 2864 νισται
445 2807 651 2886 χρυσωμάτων
676 2808 916 2889 περιφερομένων
939 2805 992 2865 καί
1012 2799 1135 2886 ἱματίων
1154 2803 1324 2865 πολυτελῶν
1340 2806 1395 2864 καί

326 2912 437 2988 ζευγῶν
462 2908 669 2995 ἐλαυνομένων
693 2914 746 2973 καί
771 2914 973 2991 προσωπείων.

209 3057 311 3110 XXVI
435 3039 633 3111 Ρίυίυτολυε,
673 3058 735 3099 non
775 3058 865 3099 suan.
901 3038 970 3098 uiui
1005 3057 1064 3099 see.
1099 3040 1188 3118 Epic.
1231 3040 1270 3100 16
1295 3065 1336 3090 =
1361 3059 1392 3118 p.

329 3146 414 3206 1098
439 3146 464 3206 Β
488 3145 529 3226 (p.
556 3142 609 3226 91)

433 3254 486 3312 καί
510 3253 568 3332 γὰρ
592 3248 620 3312 οἱ
644 3253 831 3332 θεράποντες
855 3247 926 3311 ὅταν
951 3246 1067 3330 Κρόνια
1084 3249 1237 3312 δειπνῶσιν
1254 3246 1273 3333 ἢ
1291 3249 1395 3311 Διονυ-

328 3379 380 3419 σια
409 3356 477 3419 κατ’
509 3356 600 3439 ἀγρὸν
626 3357 721 3436 ἄγωσι
745 3354 918 3437 περιιόντες,
944 3351 998 3418 ουκ
1022 3353 1057 3418 ἂν
1082 3352 1176 3418 αίντῶν
1201 3360 1249 3419 τὸν
1273 3355 1396 3433 ὀλολυγ-

328 3468 383 3549 μὸν
407 3463 584 3548 ίυπυμείναις
606 3469 659 3527 καὶ
683 3469 732 3527 τὸν
755 3466 887 3546 θόρυβον
903 3464 969 3528 κτλ.

436 3576 485 3636 Ad
511 3595 666 3655 pompam
690 3575 828 3635 similem
853 3575 966 3635 saltem
991 3574 1058 3635 haec
1083 3574 1147 3634 duo
1171 3581 1327 3653 spectent:

197 3701 314 3758 xxvfl
440 3684 621 3744 Heraclitus
644 3682 729 3761 apud
755 3682 853 3743 Clem.
880 3681 1050 3741 Alexandr.
1076 3701 1106 3759 p.
1133 3681 1175 3741 30
1199 3680 1304 3740 Potter
1326 3680 1396 3756 (frg.

333 3792 393 3852 127
420 3787 519 3871 Byw)
543 3791 585 3869 (p.
612 3790 664 3862 92,
693 3787 766 3867 114)

437 3892 599 3979 ὑπόμνημα
628 3903 677 3956 του
702 3895 823 3963 πάθους
847 3894 950 3955 τουτου
974 3890 1024 3976 (de
1047 3891 1233 3974 Prosymno)
1257 3892 1399 3974 μυστικὸν

331 4005 444 4093 φαλλοὶ
467 4006 547 4065 κατὰ
572 4003 676 4071 πόλεις
700 3998 872 4063 ἀνίστανται
896 3997 1039 4080 Διονυσιρ.
1084 3995 1117 4059 εί
1148 4002 1195 4083 μὴ
1220 3999 1291 4079 γὰρ
1315 3995 1400 4057 Διο-

331 4115 427 4194 νίνσῳ
453 4114 605 4194 πομπὴν
630 4107 835 4171 ἐποιεῦντο
856 4102 1077 4189 καὶδμνεον
1096 4103 1217 4189 ἆσμα,
1235 4098 1400 4166 αἰδοίοι-
