3225 5034
358 1463 433 1557 De
467 1464 651 1555 natura
684 1464 842 1576 atque
876 1461 1072 1579 origine
1105 1459 1348 1553 feriarum

752 1621 954 1714 Bacchi.

426 1856 599 1934 Postquam
626 1874 708 1930 eam,
725 1874 822 1934 quam
840 1854 879 1914 de
895 1854 1102 1932 temporibus,
1119 1854 1237 1932 quibus
1253 1852 1388 1915 celebra·

318 1969 428 2024 rentur
472 1962 589 2024 Bacchi
631 1963 717 2023 feriae
760 1961 874 2034 atticae,
915 1960 1042 2021 Boeckh
1080 1960 1200 2039 ingenii
1239 1960 1387 2021 acumine

320 2070 463 2130 maximo
497 2070 630 2148 protulit
659 2088 695 2130 ao
718 2068 870 2148 probauit
891 2068 1092 2141 sententiam,
1116 2068 1312 2146 argumentis
1335 2086 1386 2126 ue·

317 2176 438 2237 teribus
472 2176 648 2236 retractatis
679 2177 836 2254 nouisque
859 2176 963 2235 allatis
986 2183 1096 2236 contra
1119 2175 1299 2236 Gilbertum
1323 2192 1386 2234 eos·

318 2302 391 2361 que,
427 2282 481 2361 qui
517 2301 591 2342 eum
626 2288 813 2360 sequuntur,
850 2282 997 2360 inprimis
1032 2282 1216 2343 certissimis
1247 2282 1386 2342 testimo-

319 2390 380 2449 niis
420 2389 564 2468 lapidum
603 2389 801 2461 confirmaui,
842 2389 945 2448 inulto
984 2388 1145 2450 difficilior
1182 2388 1216 2449 in
1251 2407 1386 2448 examen

318 2496 464 2557 uocarrda
501 2504 548 2556 est
586 2497 729 2573 quaestio⁴
788 2495 828 2554 de
867 2514 903 2555 eo
942 2495 1028 2555 enim
1068 2496 1181 2573 agitur,
1217 2515 1233 2555 e
1269 2496 1387 2573 quibus

317 2603 524 2681 opinionibus
558 2610 590 2663 et
624 2603 800 2681 originibus
836 2603 952 2663 Bacchi
988 2602 1074 2662 feriae
1109 2609 1185 2663 ortae
1209 2603 1282 2675 sint,
1308 2602 1386 2680 quid

318 2708 505 2787 significent,
542 2710 619 2788 quid
655 2710 694 2771 iis
728 2710 859 2788 agendis
894 2729 913 2769 a
948 2709 1006 2769 deo
1034 2710 1204 2788 impetrare
1227 2710 1387 2771 noluerint

317 2817 453 2878 cultores
477 2818 531 2895 pii.
578 2818 639 2878 hoc
662 2818 794 2895 quidem
818 2817 941 2877 saeculis
966 2818 1176 2896 praeterlapsis
1196 2817 1387 2878 difficillime

316 2925 501 2984 enucleatur
535 2930 567 2983 et
593 2942 673 3001 aegre
708 2924 872 2996 conicitur,
910 2943 983 2984 cum
1009 2924 1163 2984 memoria
1185 2924 1387 3001 significatio·

317 3030 367 3090 nis
403 3036 537 3091 uetustae
571 3030 740 3090 obscurata
767 3031 808 3090 sit
832 3037 862 3089 et
886 3030 1004 3108 posteri
1027 3030 1148 3091 ratione
1172 3031 1235 3091 alia
1258 3031 1387 3091 easdem

316 3143 470 3215 peragant
496 3138 694 3198 caerimonias
717 3144 750 3197 et
772 3138 940 3215 scriptores
963 3156 1084 3211 causas,
1109 3157 1181 3216 quae
1204 3139 1387 3216 aetiologicae

316 3250 482 3317 uocantur,
518 3245 619 3321 magis
642 3263 741 3322 quam
765 3263 855 3304 ueras
880 3263 1036 3322 exponere
1060 3250 1177 3305 ament
1225 3246 1319 3323 plane
1342 3251 1385 3305 ta·

264 3410 266 3420 ,
317 3370 398 3410 men
415 3350 649 3429 desperandum
674 3358 820 3423 nonest,
845 3350 998 3428 quonium
1022 3352 1150 3423 scimus,
1175 3359 1296 3430 quanta
1319 3352 1386 3411 reli-

315 3457 462 3535 giositate
494 3458 573 3517 ritus
609 3457 786 3536 antiquitus
815 3457 947 3517 traditos
972 3463 1091 3518 ueteres
1116 3460 1384 3529 conseruauerint,

315 3563 442 3624 etiamsi
466 3582 519 3624 eos
542 3584 607 3624 non
630 3564 856 3641 intellegerent.
905 3564 1018 3625 harum
1043 3565 1193 3625 feriarum
1214 3566 1293 3625 ratio
1309 3566 1386 3627 satis

317 3670 454 3749 simplex
479 3676 510 3731 et
533 3671 700 3749 perspicua
723 3671 907 3743 uidebatur;
933 3691 1008 3731 num
1033 3672 1176 3732 Bacchus
1200 3672 1386 3733 hominibus

315 3777 429 3837 uinum
455 3776 553 3850 dedit,
578 3797 641 3855 quo
665 3779 789 3839 animos
814 3780 991 3839 relaxantes
1014 3779 1212 3853 negotiorum
1230 3779 1385 3839 molestia·

315 3902 452 3961 rumque
482 3884 769 3959 obliuiscebantur3
799 3886 906 3963 itaque
931 3886 1011 3945 festa
1034 3885 1095 3957 dei,
1120 3904 1192 3963 quae
1215 3885 1331 3963 gaudio
1354 3890 1386 3947 et

316 3990 427 4051 laetitia
454 3993 633 4052 exultantes
657 3992 802 4070 agebant,
828 3994 924 4053 etiam
949 3993 1016 4053 uini
1041 3994 1122 4051 festa
1144 4011 1211 4053 esse
1235 3992 1386 4053 uideban-

315 4103 376 4159 tur.
425 4098 484 4158 hoo
519 4100 644 4159 Boeckh
681 4120 738 4178 pro
772 4119 848 4160 uero
876 4101 969 4160 duxit
993 4107 1024 4159 et
1046 4100 1214 4171 Fritzsche,
1240 4100 1300 4159 boc
1323 4099 1385 4159 Au·
