3225 5034
688 395 865 457 ..23-

247 593 398 651 magnum
423 581 455 634 et
477 573 560 636 Gud.
586 592 643 635 suo
667 583 839 653 utrumque
863 574 967 635 modo
980 594 1123 636 mensem
1139 575 1306 653 definiunt,

247 699 399 758 magnum
438 699 580 742 mensem
619 681 810 760 aegypticum
849 681 981 755 Cboeac,
1018 681 1101 743 Gud.
1137 700 1305 743 romanum

246 787 432 847 Ianuarium
455 787 604 862 afferens;
628 796 801 865 utrumque
826 789 950 849 Taetzes
965 788 1092 866 recepit,
1109 806 1306 867 quamquam

219 879 223 887 ’
246 895 368 955 utiam
393 912 565 973 exposuere
588 894 650 955 uiri
673 894 767 969 docti,
794 896 876 955 inter
897 913 1008 955 senon
1026 895 1218 974 conspirant,
1235 914 1309 956 cum

246 1001 369 1062 Choeac
404 1001 437 1060 in
457 1001 591 1064 ⁴ratione
625 1001 777 1080 temporis
814 1000 1022 1075 describendi,
1058 1020 1122 1078 qua
1158 1002 1207 1062 usi
1235 1006 1311 1062 sunt

246 1107 463 1179 Alexandrini,
488 1127 507 1168 a
530 1107 581 1168 die
604 1108 741 1168 XXVII.
790 1108 980 1168 Nouembris
1005 1108 1044 1168 ad
1069 1107 1156 1168 diem
1171 1106 1309 1170 xxvn.

247 1215 318 1275 Dec.
355 1215 541 1294 pertinuerit
577 1248 616 1257 -
654 1215 739 1276 hunc
769 1216 875 1275 locum
900 1214 1023 1275 Choeac
1046 1214 1122 1274 anni
1146 1213 1310 1275 mutabilis

246 1323 392 1401 aegyptici
423 1321 571 1396 habebat,
596 1341 670 1382 cum
695 1323 857 1399 Augustus
882 1322 923 1381 26
947 1341 974 1382 a.
1001 1322 1073 1382 Chr.
1098 1341 1128 1381 n.
1154 1321 1310 1381 rationem

246 1447 317 1506 quae
351 1429 558 1489 alexandrina
580 1434 722 1502 uocatur,
746 1428 943 1501 institueret;
972 1428 1087 1488 deinde
1110 1427 1310 1507 procedebat,

246 1541 281 1595 ut
316 1555 363 1595 ex.
401 1555 427 1596 c.
454 1535 518 1597 200
541 1556 571 1615 p.
598 1535 671 1597 Chr.
695 1556 726 1595 n.
751 1535 875 1614 primus
899 1535 966 1595 dies
990 1535 1140 1596 Choeaois
1162 1534 1197 1594 in
1220 1552 1310 1611 quar·

246 1649 314 1702 tum
340 1641 485 1703 Octobris
509 1642 621 1702 iuliani
644 1641 796 1702 incideret
819 1674 872 1701 -.
904 1660 936 1701 re
960 1660 1034 1701 uera
1058 1640 1220 1719 quondam
1248 1639 1311 1701 150
1352 1636 1365 1641 ’

246 1768 273 1808 a.
311 1750 382 1810 Chr.
408 1770 438 1809 n.
464 1750 528 1809 lere
552 1748 674 1809 Choeac
698 1749 732 1808 in
755 1749 945 1808 Lenaeonem
969 1756 1108 1808 ueterem
1133 1746 1309 1820 incidebat;

246 1875 343 1934 quare
378 1856 497 1916 mensis
531 1861 613 1916 recte
648 1874 681 1916 se
715 1853 822 1928 habet,
858 1855 884 1915 si
918 1855 1054 1932 glossam
1083 1860 1122 1916 et.
1159 1853 1266 1931 magni
1293 1871 1311 1913 e

246 1967 311 2023 tam
347 1968 452 2022 uetere
487 1967 578 2023 aetate
613 1961 796 2040 prouenisse
831 1961 882 2020 uel
918 1980 957 2021 ex
990 1961 1201 2037 hemerologio
1225 1961 1311 2020 illins

247 2069 348 2130 aetatis
383 2069 586 2147 desumptam
621 2087 688 2129 esse
719 2067 844 2128 credere
867 2068 949 2128 licet.
997 2068 1124 2140 mensis,
1149 2086 1244 2145 quem
1269 2071 1309 2127 et.

247 2174 329 2237 Gud,
366 2175 467 2247 affert,
503 2194 539 2235 eo
575 2175 675 2253 magis
711 2175 811 2236 mirus
845 2174 983 2249 uidetur,
1014 2173 1099 2252 quod
1124 2175 1223 2234 falsus
1246 2192 1310 2232 non

247 2290 302 2343 est.
349 2282 557 2342 Februarium
592 2282 676 2341 enim
713 2279 820 2360 potius
854 2285 1045 2359 expectares,
1069 2280 1103 2340 in
1137 2299 1233 2358 quem
1257 2279 1311 2338 Le·

247 2407 334 2449 naeus
358 2388 434 2448 anni
458 2388 559 2448 asiani
583 2388 693 2449 solaris
716 2393 747 2448 et
771 2388 885 2448 Lenaeo
901 2387 1072 2467 posteriore
1088 2392 1180 2447 aetate
1196 2385 1311 2446 incide

247 2494 324 2555 bant
337 2490 367 2574 1).
401 2494 479 2573 quid
496 2495 534 2555 de
551 2495 611 2556 hoc
626 2494 836 2556 iudicandum
852 2495 903 2567 sit,
920 2494 1043 2567 nesoi0;
1060 2492 1115 2554 sed
1132 2493 1172 2553 ad
1189 2494 1310 2553 fontem

248 2609 395 2676 ueterem,
416 2621 512 2680 equo
528 2607 630 2662 cetera
645 2603 743 2680 petite
760 2608 845 2675 sunt,
862 2620 934 2679 quae
950 2600 1070 2662 scholia
1085 2607 1116 2660 et
1131 2600 1242 2678 glossae
1258 2599 1311 2659 ha·

355 2775 374 2842 ¹)
402 2778 499 2844 Steph.
528 2777 611 2829 Thes.
640 2777 684 2829 ed.
713 2776 802 2830 Lond.
831 2781 899 2828 torn.
928 2781 986 2828 ext.
1016 2775 1069 2827 710
1096 2790 1212 2827 menses
1231 2774 1311 2826 attici

246 2872 452 2919 enumerantur
480 2882 545 2918 curn
573 2867 699 2956 romanis
723 2867 763 2919 ita
782 2865 949 2932 comparati,
968 2870 1001 2917 ut
1018 2865 1156 2916 afferatur
1174 2878 1311 2915 romanus

247 2957 394 3007 secundus
414 2960 480 3022 post
498 2971 573 3022 eum,
592 2971 678 3021 quern
697 2954 770 3007 ratio
789 2959 875 3006 uetus
889 2953 993 3020 poscit:
1014 2949 1219 3020 Ἑκατομβαιών
1230 2948 1254 3018 (t
1267 2949 1312 2999 καὶ

247 3040 369 3112 Κρόνιος)
397 3041 410 3093 ὁ
438 3040 616 3113 Σεπτὲμβριος
644 3039 709 3104 ari„
728 3043 804 3110 quod
824 3058 859 3095 eo
878 3043 1047 3108 explicatur,
1067 3042 1142 3108 quod
1162 3041 1217 3094 hoc
1235 3040 1311 3091 inter

247 3133 299 3186 226
327 3138 356 3185 et
383 3133 434 3185 377
461 3149 487 3199 p.
507 3132 572 3185 Chr.
593 3150 620 3184 n.
641 3133 780 3198 seriptum
800 3136 853 3198 est,
873 3147 929 3197 quo
948 3135 1078 3197 ternpore
1098 3145 1213 3182 menses
1232 3129 1311 3181 attici

248 3223 321 3274 tales
341 3223 419 3274 locos
438 3221 585 3274 tenebant.
622 3223 731 3287 (Unger
750 3238 776 3287 p.
797 3220 850 3273 766
869 3236 930 3286 sqq,
949 3220 1032 3271 aliter
1050 3219 1145 3271 Ideler
1164 3217 1270 3271 Chron.
1288 3218 1311 3283 Ι,

246 3310 299 3363 418
327 3320 357 3363 et
385 3311 500 3363 Boeckh
529 3310 565 3363 ad
594 3310 658 3363 ClG
685 3310 765 3376 3664,
789 3310 894 3377 quibus
915 3311 1013 3375 Unger
1032 3308 1230 3373 praeferendus
1249 3305 1311 3372 est).

247 3401 377 3466 sequitur
407 3397 532 3469 Ληναιών
561 3397 574 3448 ὁ
602 3398 648 3448 καὶ
676 3396 825 3449 Ποσειδεὼν
853 3397 866 3448 ὁ
898 3396 1091 3467 Φεβρουάριος,
1120 3392 1268 3464 Popularia
1298 3393 1311 3444 b

247 3485 372 3557 Μάρτιος.
410 3489 457 3540 hic
485 3490 589 3540 Lenaeo
617 3489 726 3540 mensis
754 3489 871 3541 asianus
900 3492 953 3553 est,
981 3487 1031 3552 qui
1058 3502 1083 3538 a.
1112 3485 1138 3537 d.
1166 3485 1218 3537 IX.
1247 3485 1311 3536 Kal.

247 3578 328 3630 Febr.
354 3577 523 3643 incipiebat,
547 3591 636 3642 quare
654 3582 731 3629 recte
751 3588 816 3629 oum
836 3576 997 3628 Posideone
1016 3576 1103 3628 attico
1123 3574 1185 3626 eius
1204 3578 1311 3639 ternpo-

246 3666 286 3718 ris
306 3671 494 3733 comparatur.
532 3666 583 3718 sed
602 3682 653 3718 cnr
672 3666 719 3717 hic
738 3671 768 3718 et
786 3664 909 3718 Cronius
929 3665 983 3717 soli
995 3666 1072 3716 inter
1088 3664 1196 3715 mensis
1208 3662 1312 3715 atticos

246 3756 348 3807 inserti
376 3756 443 3821 sint,
472 3771 531 3807 non
558 3755 650 3820 liquet
694 3755 797 3807 eodem
824 3754 887 3806 loco
915 3769 1031 3805 menses
1051 3751 1227 3805 macedonici
1247 3767 1312 3803 cum

246 3849 374 3897 romanis
403 3849 614 3911 comparantur.
656 3843 806 3910 Gorpiaeus
835 3849 879 3894 est
908 3844 984 3909 Sept.
1012 3847 1067 3896 etc.
1086 3841 1210 3894 Peritius
1230 3840 1311 3891 Febr.

247 3939 300 3985 etc.
338 3949 354 3985 e
386 3933 481 3999 lapide
509 3934 660 3985 Prienensi
688 3933 795 3984 scimus
816 3932 900 3997 paulo
920 3948 944 3982 a.
963 3930 1030 3983 Chr.
1050 3948 1077 3982 n.
1098 3930 1252 3982 ‘Peritium
1271 3928 1312 3979 Ia-

247 4021 348 4075 nuario
367 4022 552 4088 respondisse
570 4022 607 4089 (u.
627 4021 704 4073 infra
723 4037 749 4087 p.
770 4019 804 4072 29
823 4036 848 4072 a.
869 4018 906 4083 1);
925 4019 1153 4084 deprehenditur
1165 4019 1252 4083 igitur
1265 4017 1312 4067 hic

247 4126 361 4177 quoque
380 4111 457 4162 idern
477 4126 609 4163 recessus
628 4110 781 4161 mensium.
