3225 5034
698 394 901 457 -151—

373 575 554 654 Hesychius
1356 579 1440 633 LXII

374 678 539 764 δωδεκάτη·
564 677 653 765 έορτη
678 678 860 763 Ἀθήνησιν,
884 674 921 759 ἣν
945 670 1033 742 Χόας
1056 668 1172 749 ἔλεγον.

374 789 593 868 Ηυτροετυίὶο,
1355 795 1453 848 LXIII

376 890 465 963 Χόες·
490 890 694 978 Δημοσθένης
716 891 747 955 ἐν
771 901 812 973 τῷ
835 892 971 972 περὶτοῦ
989 883 1145 971 ὀνόματος.
1187 883 1274 971 ἑορτη
1293 908 1338 955 τις

267 999 303 1086 ἦν
327 999 397 1082 παρ’
423 996 607 1085 Ἀθηναίοις
629 998 762 1084 ἀγομένη
780 997 1043 1082 Ἀνθεστηριῶνος
1059 993 1224 1076 δωδεκάτη.
1265 996 1338 1080 φησί

269 1108 302 1170 δὲ
325 1106 563 1189 Ἀπολλόδωρος
587 1104 795 1191 Ἀνθεστηρια
819 1108 873 1188 μέν
888 1104 1057 1165 καλεῖσθαι
1072 1111 1182 1170 κοινῶς
1197 1104 1247 1186 την
1264 1097 1337 1186 ὅλην

269 1212 375 1300 ἑορτὴν
410 1213 543 1295 Διονόσιρ
578 1211 738 1298 ἀγομένην,
772 1214 852 1274 κατά
888 1215 980 1293 μέρος
1015 1209 1048 1271 δὲ
1077 1205 1224 1287 Πιθοίγια
1253 1205 1339 1277 Χόας

270 1320 417 1404 Χάτρους.

483 1431 647 1493 Ιυσίίίυιίο
671 1430 806 1492 Choum.
1358 1446 1453 1498 LXIV

380 1538 549 1619 Euripides
573 1538 677 1616 Iphig.
702 1538 796 1598 Taur.
814 1536 878 1597 949
896 1555 963 1614 sqq.
982 1538 1025 1614 (ρ.
1045 1535 1086 1595 55
1103 1534 1171 1613 sq.).
1201 1533 1341 1612 loquitur

272 1647 407 1709 Orestes.

378 1748 408 1810 οἳ
429 1748 455 1810 δ’
481 1747 572 1832 ἔσχον
596 1745 682 1819 αἰδῶ,
707 1747 789 1819 ξένια
813 1749 1022 1830 μονοτράπεζά
1046 1768 1097 1829 μοι
1156 1752 1158 1756 ’

271 1860 336 1921 950
381 1840 550 1939 παρέσχον,
570 1854 659 1918 οἴκων
682 1853 765 1925 ὄντες
789 1852 820 1916 έν
845 1848 940 1936 ταύτῷ
965 1859 1074 1932 στέγει,

379 1973 448 2046 σιγῇ
473 1961 499 2024 δ’
524 1961 710 2047 ἐτεκτήναντ’
737 1947 950 2047 ἀπόφθεγκτόν
974 1960 1016 2045 μ’,
1041 1958 1122 2031 ὅπως

381 2069 483 2140 δαιτός
506 2065 646 2155 γενοίμην
669 2072 813 2152 πώματός
836 2073 860 2129 τ’
886 2063 981 2139 αὐτῶν
1006 2066 1089 2152 δίχα,

380 2174 424 2248 εἰς
449 2177 475 2238 δ’
501 2175 593 2255 ἄγγος
614 2174 690 2238 ἰ’διον
712 2173 777 2237 ἴσον
802 2172 897 2237 ἅπασι
922 2176 1053 2258 βακχίου

380 2282 520 2368 μέτρημα
543 2285 759 2366 πληρώσαντες
783 2278 866 2365 εἶχον
889 2279 1009 2367 ἡδονήν.

190 2424 192 2428 ’
277 2395 339 2454 955
380 2388 465 2469 κάγὼ
491 2389 636 2468 ’ξελέγξαι
660 2393 714 2473 μέν
738 2389 841 2461 ξένους
864 2383 919 2451 οὐκ
942 2385 1053 2473 ἠξίουν,

382 2497 492 2583 ἤλγουν
516 2497 549 2559 δὲ
574 2507 642 2580 σιγη
665 2494 815 2559 κάδόκουν
840 2491 895 2558 οάκ
919 2492 1040 2572 εἰδέναι,

383 2609 462 2688 μέγα
486 2607 640 2680 στενάζων,
666 2599 762 2665 οὖνειί
788 2600 807 2687 ἡ
834 2606 947 2687 μητρὸς
971 2605 1087 2690 ρονευς.

380 2711 464 2773 κλόω
488 2711 513 2773 δ’
540 2710 737 2795 Ἀθηναίοισι
760 2708 842 2793 τάμά
867 2709 1000 2796 δυστυχῆ

382 2819 503 2902 τελετίγν
528 2818 682 2896 γενέσθαι,
706 2815 777 2879 κᾶτι
801 2819 850 2878 τὸν
874 2823 965 2900 νόμον
989 2822 1089 2902 μένειν

276 2929 338 2989 960
382 2935 497 3009 χοῆρες
520 2923 613 3002 ἀγγος
638 2921 805 2995 Παλλάδος
829 2935 917 3009 τιμᾶν
941 2926 1027 2988 λεών.

381 3034 496 3097 Suidas
519 3053 543 3095 s.
568 3054 599 3094 υ.
627 3029 716 3108 Χόες,
742 3035 847 3113 prima
870 3034 974 3113 glossa
997 3030 1048 3116 (cf.
1074 3035 1115 3097 55
1140 3035 1200 3115 sq.)
1363 3053 1444 3105 va

383 3134 472 3209 Χόες·
509 3138 587 3201 ἔστιν
612 3137 700 3222 ἑορτὴ
727 3137 898 3224 Ἀθήνησιν
922 3136 1055 3224 ἀγομένη
1079 3142 1149 3224 μηνί
1174 3138 1345 3226 Ἀνθεστη-

276 3256 367 3327 ριιῑινι.
403 3249 454 3330 τὴν
490 3245 523 3307 δὲ
558 3243 663 3332 ἑορτὴν
694 3248 784 3331 φασὶν
820 3241 913 3316 οὕτως
938 3251 1099 3324 γεγονέναι·
1125 3243 1174 3309 ὅτε
1200 3244 1346 3331 Ὀρέστης

276 3349 390 3414 ἀνελὼν
425 3357 477 3436 την
512 3357 629 3437 μητέρα
655 3350 754 3437 ἦλθεν
784 3350 828 3423 τίς
854 3352 995 3437 Ἀθηνας
1017 3356 1070 3415 καὶ
1094 3351 1233 3425 ἐδέξαντο
1257 3349 1346 3417 αυτὸν

278 3456 442 3542 Ἀθηναῖοι
465 3462 517 3521 καὶ
541 3456 704 3521 εἱστίασαν·
729 3456 763 3522 οἵ)
788 3463 846 3546 μὴν
871 3458 1070 3544 ἐκοινώνησαν
1092 3456 1171 3542 αὐτῷ
1187 3469 1238 3524 του
1255 3460 1345 3535 οἴνου,

277 3561 360 3626 ἀλλά
394 3569 489 3648 χωρὶς
524 3576 586 3650 χοᾶ
619 3569 775 3649 παραθεὶς
811 3563 889 3648 αὐτῷ
917 3564 933 3630 ὁ
969 3568 1065 3653 δημος
1088 3564 1181 3639 οὕτως
1205 3564 1346 3643 εἱστιᾶτο,
1400 3590 1403 3596 ·

277 3668 444 3756 ἀπονείμας
468 3670 568 3751 ὀλίγον
592 3696 618 3735 τι
641 3677 746 3757 χώρας
770 3684 810 3757 τῷ
836 3671 974 3757 Ὀρέστη.

385 3781 550 3844 scholium
573 3783 613 3844 ad
639 3784 798 3862 Aristoph.
824 3784 902 3845 Ach.
929 3785 990 3846 961
1017 3785 1093 3846 Rav.
1198 3833 1200 3838 ,
1366 3820 1461 3873 LXVI

267 3951 269 3956 ,
383 3883 428 3957 είς
460 3889 530 3958 τοὺς
559 3882 654 3956 Χόας·
681 3884 725 3957 είς
750 3892 801 3973 τὴν
825 3885 932 3974 ἑορτὴν
955 3899 1012 3952 τῶν
1036 3886 1133 3954 Χοῶν·
1160 3888 1290 3954 ἐτελεῖτο
1314 3889 1347 3952 δέ

279 3989 499 4078 Πυανεψιῶνος·
538 3992 627 4078 ἤγετο
651 3994 683 4055 δὲ
708 3991 767 4056 ἀπὸ
792 3992 947 4077 Ὀρέστου,
965 3993 1013 4058 ὅτε
1029 3993 1127 4081 ἦλθεν
1144 3992 1189 4066 εἰς
1206 3996 1347 4082 Ἀθήνας

276 4101 482 4185 καθαρθῆναι
506 4099 690 4184 βουλόμενος
713 4103 746 4163 τὸ
769 4111 824 4187 της
847 4105 960 4188 μητρὸς
983 4099 1069 4189 αἷμα.
