3225 5034
369 465 385 504 ο
763 393 940 454 --ao-

317 574 382 632 νὲον
417 572 469 630 καὶ
505 566 648 649 ὀπωρινὸν
683 567 804 651 ὄμβρον.
852 572 959 649 itaque
994 590 1115 633 nouum
1152 573 1265 635 uinum
1294 574 1386 634 initio

317 678 462 741 Octobris
498 697 642 757 pressum
678 684 752 739 erat.
800 679 877 739 item
913 679 1002 740 Plato
1038 679 1076 739 de
1111 681 1169 758 leg.
1196 681 1260 741 844
1283 681 1310 741 Ε
1335 681 1386 762 τὴν

316 779 398 864 ὥραν
433 787 486 867 τὴν
521 792 571 844 του
600 793 708 863 τρυγᾶν
733 780 921 864 Ἀρκτουρου
944 783 1115 867 ξυνδρομον.
1140 789 1179 848 ol.
1205 788 1303 848 Thuo.
1329 788 1385 862 IV,

317 893 359 953 84
396 888 426 951 ἐν
462 889 495 950 δὲ
530 899 569 970 τῷ
605 885 684 970 αυτῷ
719 891 834 971 θέρει
870 885 964 960 εὐθὺς
995 928 1039 935 -
1071 919 1115 935 -—
1138 929 1182 935 -
1206 888 1306 968 ὀλίγον
1330 895 1386 973 πρὸ

317 1003 460 1081 τρυγήτου
500 996 706 1077 ἐστράτευσεν.
765 999 837 1060 OIA
876 1000 926 1060 ΙΙΙ
966 1000 1006 1061 77
1042 1002 1062 1061 l.
1099 1003 1119 1060 4
1156 994 1388 1082 Βοηδρομιῶνος

316 1142 360 1149 -
387 1142 431 1148 -
459 1092 490 1187 ἧι
515 1104 678 1188 τρυγ[η]τ“ον
703 1104 837 1185 Διονὺοῳ
860 1107 913 1165 nui
930 1114 991 1174 τοῖς
1008 1103 1115 1174 ἄλλοις
1131 1109 1220 1173 θεοῖς
1236 1103 1387 1189 ἀν[υπ]ερ-

318 1212 448 1292 [bereri.
488 1215 585 1292 paulo
608 1214 764 1292 posterius
787 1220 915 1291 tempus
940 1214 1060 1275 Plinius
1084 1214 1121 1275 N.
1148 1215 1189 1274 H.
1217 1216 1265 1286 18,
1284 1215 1304 1293 ξ
1322 1216 1385 1276 319

316 1320 449 1382 indicat:
486 1323 594 1381 iustum
626 1323 777 1381 uindemio
800 1328 910 1397 tempus
933 1324 1158 1398 ahmeinona
1183 1325 1222 1383 ad
1249 1325 1387 1398 Vcrpiliu·

316 1448 383 1487 ram
416 1447 547 1498 occasum
582 1430 642 1488 dies
676 1430 788 1487 XLIV
818 1428 887 1503 (Xl.
925 1427 1003 1488 Nov.
1034 1428 1148 1489 Caesari
1173 1449 1232 1490 sec.
1259 1427 1386 1510 ipsum);

318 1534 371 1595 sed
398 1554 436 1593 ne
461 1535 521 1595 hoc
545 1534 674 1612 quidem
701 1535 796 1593 modo
820 1534 860 1594 ad
885 1534 1094 1595 Posideoncm
1119 1545 1150 1596 et
1167 1537 1387 1597 Gamelionem

316 1642 531 1720 peruenimus
579 1642 612 1700 in
637 1641 816 1701 calendario
839 1639 983 1716 figurato,
1008 1642 1095 1720 quod
1117 1644 1252 1703 nuncin
1269 1629 1388 1721 pariete

317 1747 455 1809 ecclesiae
480 1748 683 1807 Atheniensis
706 1755 763 1820 est,
791 1766 863 1825 quae
890 1740 1029 1823 Παναγίοι
1054 1744 1076 1807 Γ
1079 1742 1222 1826 οργοπίνιο
1244 1756 1385 1823 uocatur,

318 1861 390 1934 post
406 1873 552 1933 puerum,
571 1854 626 1931 qui
645 1848 816 1935 εἰρεσιώνην
832 1855 902 1928 fert,
919 1855 1070 1915 iuuenem
1086 1856 1210 1915 nudum
1228 1856 1387 1930 uidemus,

318 1962 373 2039 qui
409 1981 507 2022 manu
534 1935 630 2022 uuain
656 1969 741 2022 tenet
765 1980 908 2039 uuasque
934 1963 1044 2036 calcat,
1069 1982 1163 2040 quem
1190 1963 1388 2041 canephoros

317 2069 460 2147 sequitur
484 2073 515 2128 et
539 2075 610 2146 post
633 2088 703 2128 earn
728 2069 902 2146 scorpionis
927 2068 1063 2145 signum.
1112 2089 1190 2147 puer
1210 2069 1390 2148 Pyanopsia

317 2181 531 2253 repraesentat,
568 2181 603 2235 ut
637 2176 773 2247 iuuenis,
802 2177 893 2235 cuius
916 2176 1089 2253 imaginem
1114 2175 1154 2235 ad
1180 2180 1296 2236 lestum
1321 2177 1390 2236 uin-

318 2282 454 2341 demiale
478 2281 674 2342 referendam
699 2301 766 2342 esse
790 2289 931 2361 apparet,
956 2283 1052 2342 etiam
1077 2282 1118 2343 ad
1143 2283 1228 2343 huuc
1246 2302 1389 2343 mensem

318 2389 483 2468 pertineat.
531 2389 656 2449 etiamsi
692 2389 724 2447 in
756 2389 817 2448 hoc
840 2389 1019 2449 calendario
1044 2409 1169 2450 menses
1192 2409 1256 2449 uno
1282 2408 1390 2451 mense

319 2496 506 2575 posteriores
530 2502 614 2568 sunt,
640 2515 676 2555 eo
699 2503 852 2574 tempore,
877 2515 940 2574 quo
965 2497 1175 2557 constitutum
1197 2503 1243 2556 est
1260 2498 1388 2570 festum,

319 2603 497 2681 Pyunopsio
533 2610 637 2679 partes
666 2603 861 2681 Septembris
885 2611 917 2663 et
940 2603 1085 2665 Octobris
1109 2604 1389 2680 complectebatur.

319 2709 383 2769 duo
418 2709 514 2769 etiam
550 2716 625 2770 sunt
660 2710 792 2770 nomina
827 2712 1000 2783 stellarum,
1030 2730 1102 2788 quae
1125 2709 1165 2769 ad
1190 2710 1388 2770 uindemiam

320 2825 473 2894 spectant.
532 2817 640 2889 stellae,
681 2836 752 2894 quae
791 2818 996 2898 προτρυγητὴρ
1032 2824 1063 2877 et
1098 2818 1255 2897 τρυγητής,
1293 2817 1390 2876 latine

319 2922 521 2982 Vindemitor
543 2928 574 2982 et
597 2923 832 2996 Prouindemia,
857 2925 1067 3002 appellantur,
1094 2924 1156 2982 fine
1182 2925 1316 3002 Augusti
1338 2924 1390 2982 uel

319 3029 409 3089 initio
434 3029 629 3106 Septembris
653 3031 858 3109 apparebant,
884 3037 929 3103 ut,
954 3031 980 3090 si
1008 3031 1075 3089 ulla
1098 3048 1194 3090 causa
1218 3031 1390 3090 nominum

318 3137 437 3208 ederat,
474 3136 639 3197 uindemio
674 3157 736 3197 non
772 3138 913 3198 multum
948 3137 988 3197 ab
1023 3156 1060 3196 eo
1096 3143 1238 3214 tempore
1273 3136 1391 3197 distare

428 3398 447 3464 ¹)
475 3400 580 3452 Statuit
605 3400 707 3464 Ideler,
728 3401 919 3452 Sternnarnen
938 3401 973 3452 49
993 3402 1134 3453 scholium
1154 3401 1191 3453 ad
1211 3402 1289 3453 Aret.
1309 3417 1335 3452 u.
1355 3400 1389 3451 91

320 3496 445 3555 secutus,
467 3491 513 3542 ubi
533 3490 563 3540 in
583 3491 640 3540 fine
660 3495 742 3541 extat
761 3485 867 3556 λέγεται
884 3486 1066 3559 (Ἀρκτοῦρος)
1084 3488 1130 3538 καὶ
1150 3486 1304 3558 Τρυγητὴς,
1324 3489 1391 3540 Vin-

319 3579 489 3631 demitorem
510 3579 631 3631 eandem
651 3586 737 3644 atque
757 3580 909 3631 Arcturum
930 3595 994 3632 esse
1014 3580 1135 3631 stellam.
1174 3596 1230 3644 quo
1243 3580 1305 3630 loco
1319 3578 1392 3630 coeli

319 3666 506 3736 ιιροιρυγηιὴρ
525 3666 680 3724 collocatus
700 3668 746 3731 sit,
766 3683 802 3718 ex
822 3669 910 3720 Arato
929 3685 955 3720 u.
976 3669 1026 3721 137
1042 3675 1162 3735 apparet
1175 3673 1225 3737 τῆς
1237 3665 1393 3736 (παρθένου)

319 3754 383 3825 ὑπὲρ
403 3754 558 3825 ἀμφοτέρων
578 3753 657 3825 ὤμων
677 3752 803 3808 citiorem
824 3754 909 3825 ἀστὴρ
927 3754 1055 3826 [δεξιτερῇ
1069 3757 1182 3826 πτέρυγι·
1197 3753 1392 3825 Προτρυγητὴρ

320 3843 343 3896 δ’
363 3841 425 3895 αὖτε
445 3842 584 3911 roteland,
604 3851 633 3899 ct
652 3846 762 3898 scholio
781 3847 817 3897 ad
837 3847 865 3898 h.
885 3848 912 3913 l.‚
931 3848 1007 3913 quod
1028 3848 1113 3898 etiam
1135 3862 1250 3898 causam
1265 3846 1392 3898 nominis

319 3936 440 3989 indicat:
471 3935 518 4002 πρὸ
538 3936 589 4002 γὰρ
607 3941 657 4002 τῆς
676 3940 722 3984 roi)
741 3941 872 4003 τρυγηιοῠ
892 3934 964 4005 ὥροις
984 3933 1073 4004 ὀλίγον
1092 3931 1290 4003 οροανατὲλλει.
1328 3950 1392 3986 con·

320 4025 409 4078 sentit
440 4025 588 4076 Vitruuius
614 4027 664 4086 IX,
685 4025 710 4089 6,
732 4026 754 4077 l.
775 4026 935 4077 bisantem
956 4026 1074 4077 obstant
1092 4025 1146 4075 uiri
1165 4024 1328 4089 astrologiae
1347 4039 1392 4089 pe-

319 4115 459 4179 ritissimi,
488 4115 599 4165 Plinius
629 4116 660 4166 N.
690 4117 727 4167 H.
748 4114 781 4166 18
801 4114 818 4179 ᾗ
837 4114 889 4167 309
909 4120 938 4166 et
957 4113 1116 4167 Columella
1135 4115 1187 4178 IX,
1207 4113 1231 4176 2,
1252 4113 1287 4165 58
1306 4110 1391 4178 (VII.
