3225 5034
656 445 658 449 .
751 405 927 465 „30-

306 592 428 645 ueteres
452 584 485 644 in
509 601 610 644 nouos
634 582 744 643 eodem
770 581 865 642 modo
891 582 1005 645 mutati
1029 583 1093 642 sint
1116 583 1150 643 in
1174 583 1212 644 iis
1233 582 1371 662 oppidis,

306 709 377 769 quac
400 690 533 751 nomine
554 689 702 768 quaedam
726 690 830 750 Ionica
855 689 1011 751 mensium
1030 689 1217 750 retinebant.
1250 690 1284 750 in
1300 709 1371 750 con·

305 802 416 876 spectu
451 796 567 874 Ungeri
597 816 628 875 p.
655 795 718 857 764
743 815 789 874 00,
814 795 869 856 ubi
894 815 994 857 annos
1018 796 1130 857 atticos
1158 797 1219 856 129
1244 816 1271 856 a.
1297 796 1370 858 Chr.

305 923 336 965 0.
364 937 405 947 -
433 903 491 964 191
518 923 548 982 p.
574 903 646 963 Chr.
672 923 702 963 n.
721 903 896 964 secundum
914 921 1006 963 suam
1022 903 1178 963 rationem
1195 902 1370 982 descripsit,

307 1011 354 1072 01.
384 1010 478 1083 1933
502 1030 522 1069 a
544 1009 596 1069 die
618 1009 723 1069 XVII.
771 1010 831 1070 Iul.
858 1010 877 1069 6
902 1028 929 1069 0.
955 1009 1028 1069 Chr.
1053 1029 1083 1069 n.
1107 1016 1138 1069 01
1156 1029 1263 1070 mense
1279 1010 1371 1069 inter·

311 1117 412 1178 caleto
447 1116 591 1178 Gamelio
626 1114 719 1176 edie
743 1116 832 1176 VIII.
880 1114 969 1175 Febr.
997 1115 1015 1175 5
1040 1135 1067 1175 a.
1093 1115 1165 1176 Chr.
1191 1135 1221 1175 n.
1247 1116 1370 1194 incipit.
1432 1116 1435 1122 '
1525 1143 1529 1153 ¹

306 1223 334 1285 si
357 1223 491 1284 Asianos
515 1222 559 1283 ita
582 1241 704 1282 aunum
728 1222 826 1300 egisse
850 1222 1017 1291 sumimus,
1043 1223 1157 1282 Lenaeo
1178 1223 1263 1282 adie
1281 1222 1370 1282 VIII.

306 1330 397 1391 Febr.
422 1330 560 1407 incipere
584 1328 729 1395 debebat.
753 1328 808 1389 sed
826 1328 998 1390 Posideone
1015 1331 1112 1389 altero
1130 1329 1272 1390 breuiore
1288 1330 1372 1389 iacto

307 1456 325 1496 a
349 1435 400 1497 die
422 1435 541 1496 XXIV.
587 1436 655 1496 [an.
680 1435 808 1496 initium
834 1437 917 1514 cepit
940 1440 976 1496 ut
999 1436 1142 1513 Dystrus.
1173 1454 1246 1497 cum
1264 1444 1370 1496 autem

307 1543 386 1604 ratio
420 1541 628 1602 intercalandi
663 1542 757 1602 ualde
785 1543 895 1616 uariet,
921 1542 986 1602 fieri
1011 1549 1115 1622 potest
1139 1550 1175 1603 ut
1198 1542 1373 1604 Posideoa
1438 1560 1439 1563 ’

308 1649 358 1710 (110
382 1650 438 1710 XI.
487 1649 558 1709 Dec.
585 1658 616 1708 01
639 1649 752 1709 Lenaeo
776 1669 794 1709 a
819 1650 874 1709 lX.
900 1650 968 1710 Ian.
991 1649 1152 1727 inceperit.
1177 1657 1247 1710 tum
1264 1656 1372 1710 autem

307 1757 441 1817 Asianos
476 1775 513 1815 ea
547 1755 667 1816 ratione
694 1774 768 1817 usos
792 1775 858 1817 esse
882 1756 1075 1817 sumendum
1100 1761 1156 1829 est,
1181 1765 1217 1817 ut
1240 1756 1372 1817 Posideo

308 1882 408 1941 usque
443 1862 483 1923 ad
519 1861 604 1922 diem
640 1862 760 1923 XXIV.
808 1863 876 1923 Ian.
913 1863 1151 1923 continuaretur
1185 1870 1216 1923 et
1240 1863 1372 1923 Lenaeus

307 1970 384 2030 anni
419 1969 528 2030 solaris
563 1969 604 2029 ab
639 1988 675 2030 00
711 1969 761 2029 (110
796 1969 923 2029 initium
960 1977 1095 2047 caperet,
1129 1970 1294 2031 010110110
1318 1969 1372 2029 0111

308 2077 383 2137 anni
416 2077 551 2155 tempori
582 2075 793 2137 mutationem
818 2076 971 2137 ascribere
995 2077 1088 2137 alicui
1113 2078 1244 2156 placeat.
1293 2077 1373 2136 ratio

307 2190 416 2244 tamen
439 2182 551 2243 eadem
576 2189 691 2243 menet.
733 2190 805 2244 utut
822 2188 878 2256 001,
897 2184 1001 2243 locum
1018 2184 1223 2262 posteriorem
1241 2184 1372 2243 Lenaeus

308 2291 417 2351 solaris
452 2290 628 2368 antiquitus
663 2309 728 2351 non
755 2288 903 2364 habebat,
930 2290 984 2351 sed
1008 2308 1130 2351 recessu
1157 2290 1314 2352 mensium
1338 2289 1373 2349 in

308 2417 380 2458 eum
408 2396 567 2469 ueniebat,
592 2403 628 2458 ut
651 2396 782 2458 Posideo
806 2404 838 2458 et
859 2396 1059 2458 Anthesterio
1075 2393 1173 2477 (apud
1190 2392 1372 2477 Woodium)

308 2504 418 2577 asiani,
455 2505 510 2582 001
542 2504 639 2564 etiam
663 2524 680 2564 e
704 2505 780 2565 locis
803 2504 964 2565 ueteribus
988 2512 1157 2565 cesserunt.
1204 2504 1371 2564 Hecatom·

309 2611 396 2672 baeus
430 2618 538 2671 tamen
562 2611 728 2690 excipitur,
752 2612 808 2689 qui
832 2630 851 2671 a
874 2610 925 2671 die
949 2611 1068 2672 XXIV.
1094 2611 1165 2672 Iun.
1190 2609 1371 2690 incipiebat,

309 2717 394 2796 quod
429 2718 590 2796 quomodo
622 2719 744 2780 iactum
768 2719 895 2779 sitnon
921 2718 1030 2796 110001,
1055 2718 1109 2778 00(1
1134 2717 1174 2777 ad
1199 2717 1282 2777 hanc
1305 2737 1373 2777 rem

309 2823 389 2885 nihil
414 2826 508 2885 ualet.

310 3069 567 3170 Tempusne
592 3069 702 3150 festi
725 3093 985 3169 nomenque
1006 3070 1176 3148 mensis
1197 3071 1373 3150 mutate

662 3194 765 3286 sint,
796 3194 1026 3294 quaeritur.

416 3374 576 3447 Quoniam
600 3376 713 3436 Ienaea
737 3375 890 3435 Lenaeone
915 3393 1022 3435 mense
1038 3380 1106 3435 acta
1123 3381 1244 3435 suntet
1261 3375 1374 3434 Lenaeo

310 3480 395 3541 idem
420 3486 515 3559 atque
539 3482 683 3542 Gamelio
699 3482 819 3542 mensis
834 3488 891 3554 001,
910 3481 1022 3541 Lenaea
1038 3481 1171 3541 Athenis
1188 3481 1374 3542 Gamelione

310 3675 452 3739 posterior
482 3674 632 3741 eligendus
660 3680 712 3727 est.
750 3675 765 3727 7
794 3691 819 3727 0
848 3673 914 3727 Chr.
943 3691 970 3727 n.
990 3674 1171 3727 nouilunium
1191 3678 1253 3726 erat
1271 3674 1318 3727 die
1336 3674 1373 3725 H.

309 3764 370 3815 Ian.
399 3768 429 3816 et
455 3763 472 3816 ὁ
500 3779 524 3815 a.
551 3763 617 3816 Chr.
647 3781 674 3815 n.
703 3763 819 3816 dieIX.
840 3765 899 3816 Ian.
920 3764 1087 3827 1110000011,
1107 3762 1174 3828 0010
1193 3762 1375 3814 nouilunium

311 3852 441 3919 proxime
470 3853 506 3904 ad
534 3852 610 3905 diem
638 3853 702 3905 VII.
731 3853 790 3905 Ian.
811 3853 930 3917 aceedit,
950 3852 1147 3918 praeferendus
1166 3856 1225 3914 est;
1244 3867 1374 3904 mensem

310 3947 378 3993 0010
409 3941 590 3993 nouilunium
618 3942 745 4007 incipere
773 3940 846 3993 nihil
874 3942 1003 3993 interest.
1040 3957 1148 3992 annum
1177 3941 1255 3993 hunc
1283 3941 1374 3994 fuisse

311 4031 396 4083 etiam
426 4031 518 4095 magis
546 4030 703 4083 uerisimile
722 4032 755 4083 fit
776 4045 819 4094 eo,
839 4030 914 4095 qnod
933 4030 1113 4082 intercalaris
1132 4030 1230 4082 Romae
1249 4035 1318 4095 erat,
1337 4032 1375 4083 cf.

311 4120 362 4172 rh.
381 4120 544 4172 Mommsen
563 4120 581 4172 l.
600 4120 618 4172 l.
638 4136 665 4186 p.
684 4118 745 4172 285.
