3225 5034
668 401 868 460 -111—

234 577 366 638 luminis
393 577 490 638 deum
506 595 582 650 esse,
600 578 690 637 cuius
708 595 792 638 mors
808 578 981 639 solstitium
998 591 1064 639 ease
1080 579 1258 639 crederetur
1270 575 1301 659 ¹).

235 702 298 761 qua
332 684 371 744 de
405 699 438 744 re
473 685 585 745 mullis
618 684 724 745 uerbis
756 701 838 763 opus
861 699 926 745 non
949 690 1006 759 est,
1031 686 1185 763 quoniam
1208 697 1304 746 nemo

234 809 320 851 nune
354 791 516 852 Bacchum
550 792 625 852 solis
660 792 756 852 deum
791 809 862 852 esse
886 792 993 853 credit.
1041 792 1159 853 festum
1184 798 1302 867 autern,

234 897 320 975 quod
355 898 414 958 deo
449 898 584 959 solstitio
619 898 766 958 morienti
801 898 962 976 agebatur,
998 915 1016 959 a
1050 904 1192 977 tempore
1226 899 1303 959 antri

233 1011 346 1082 aptum
370 1004 511 1083 primum
534 1005 568 1064 in
593 1003 735 1065 medium
760 1005 948 1066 mnasonem
973 1006 993 1065 i.
1018 1025 1044 1067 e.
1069 1006 1302 1081 Gamelionem,

234 1130 297 1189 quo
332 1127 439 1171 mense
475 1118 566 1172 aetate
601 1112 779 1189 antiquiore
814 1113 925 1173 Lenaea
962 1112 1095 1173 Athenis
1130 1118 1201 1173 acta
1235 1127 1303 1174 esse

234 1217 356 1279 Gilbert
390 1237 518 1296 quoque
552 1224 652 1297 putat,
690 1218 804 1279 deinde
828 1219 863 1279 in
887 1237 1029 1280 mensem
1054 1220 1214 1280 uernalem
1240 1221 1301 1280 Ah-

232 1325 458 1397 thesterionem
481 1327 671 1385 translatum
696 1333 727 1386 et
749 1339 823 1386 oum
849 1325 1069 1399 Anthesteriis,
1093 1326 1211 1404 quibus
1228 1326 1302 1387 Bae·

233 1431 330 1491 chum
364 1439 578 1509 resurgentem
613 1433 757 1492 uenerari
788 1434 889 1510 magis
913 1441 1069 1512 parerat,
1094 1434 1301 1494 coniunctum

233 1555 300 1599 esse
323 1539 498 1617 permirum
522 1544 570 1599 est
593 1544 624 1598 et
647 1544 714 1599 tam
738 1539 915 1618 spinosum,
940 1545 977 1600 ut
992 1557 1011 1601 a
1026 1540 1193 1602 uerisimili
1209 1541 1302 1617 longe

232 1645 324 1705 absit.
372 1655 491 1723 quanta
526 1646 704 1706 constantia
727 1652 758 1706 et
782 1647 874 1725 quasi
897 1647 1071 1725 pertinacia
1093 1648 1127 1707 in
1151 1646 1302 1708 omnibus

232 1751 326 1812 rebus
360 1752 457 1812 sacris
480 1759 510 1812 et
533 1752 567 1812 in
590 1760 743 1831 tempore,
768 1772 832 1831 quo
855 1753 937 1814 festa
959 1754 1092 1814 deorum
1116 1752 1301 1831 agebantur,

232 1858 450 1919 conseruando
474 1863 636 1919 uterentur
657 1860 768 1931 Graeei,
785 1860 851 1920 iam
867 1861 983 1939 saepius
999 1860 1181 1939 pradicaui.
1218 1874 1300 1921 aoce-

233 1964 290 2038 dii,
326 1965 411 2043 quod
436 1966 559 2026 Gilbert
582 1983 670 2026 saera
694 1967 842 2045 delphica
866 1963 957 2048 (Prot.
984 1968 1023 2027 de
1047 1968 1087 2027 Is.
1113 1973 1144 2027 et
1168 1967 1220 2028 Os.
1247 1963 1301 2047 35)

232 2080 264 2133 et
297 2074 393 2151 orgia,
433 2092 504 2150 quae
539 2074 698 2151 Thyiades
725 2075 759 2133 in
783 2074 961 2135 Cithaerone
985 2074 1138 2135 Parnasso
1162 2075 1302 2152 Taygeto

232 2180 396 2240 montibus
431 2180 513 2240 eirea
548 2180 695 2240 brumam
732 2181 857 2241 Baccho
880 2180 1025 2259 agebant,
1050 2183 1086 2241 ut
1110 2181 1300 2241 sententiam

232 2287 427 2365 comprobet,
452 2287 553 2346 affert.
601 2287 655 2347 sed
681 2286 768 2360 deus,
793 2289 850 2366 qul
873 2288 995 2350 Lenaeis
1019 2287 1189 2361 colebatur,
1215 2287 1301 2347 idem

232 2413 268 2454 ac
303 2393 381 2454 deus
412 2393 579 2472 delphicus
602 2401 634 2454 et
657 2394 819 2455 boeotieus
843 2414 907 2455 non
931 2401 994 2467 est;
1020 2394 1060 2454 ad
1085 2389 1179 2454 Iones
1201 2399 1232 2454 et
1255 2394 1303 2453 in·

231 2501 317 2561 sulas
353 2501 449 2560 maris
482 2500 584 2577 AEgaei
619 2503 764 2579 pertinet.
813 2502 944 2563 Ionibus
979 2519 1053 2561 eum
1082 2501 1246 2579 proprium
1270 2504 1301 2560 et

231 2623 436 2667 communem
475 2608 572 2667 fuisse
607 2625 725 2668 nomen
761 2609 880 2669 mensis
916 2608 1079 2668 Lenaeonis
1103 2607 1301 2686 comprobat,

231 2714 287 2792 qui
323 2714 441 2792 ubique
475 2715 539 2774 iere
577 2716 750 2787 inuenitur,
786 2715 842 2776 ubi
866 2714 1016 2775 sederunt
1039 2715 1140 2775 iones.
1188 2714 1300 2773 eadem

231 2821 344 2893 habeo,
374 2840 445 2899 quae
468 2828 577 2881 contra
600 2808 813 2882 Ribbeckium
837 2817 979 2894 afferam,
1005 2822 1117 2898 quiin
1142 2835 1302 2899 program-

231 2934 317 2988 mate
351 2929 485 2989 Kiliensi
521 2949 547 2988 a.
590 2928 672 2989 1869
698 2930 770 2989 Ani.
796 2948 828 2990 u.
853 2929 955 2989 Entw.
981 2925 1301 3006 d.'l)ionysuscultus

231 3037 265 3094 in
290 3035 399 3094 Attika
427 3035 467 3095 13
491 3054 550 3113 sqq
574 3055 592 3095 a
615 3037 719 3113 glossa
734 3035 889 3113 Hesychii
906 3034 1001 3116 λῆναι·
1029 3034 1154 3115 βάκχαι·
1181 3030 1300 3113 Ἀρκά-

232 3138 284 3207 δες
318 3142 519 3218 proficiscens
547 3161 659 3203 uocem
684 3140 761 3223 λήνη
785 3161 804 3201 a
827 3142 926 3221 stirpe
948 3140 1017 3224 huf
1041 3142 1164 3202 deriuat
1188 3139 1258 3221 (Οά.
1284 3157 1302 3198 τ

232 3248 297 3308 230
321 3243 337 3307 ὁ
361 3250 414 3327 μὲν
439 3243 538 3329 (ahot)
563 3247 619 3307 lois
644 3245 746 3328 νέβρον
771 3244 929 3329 ἀπάγχων)
954 3253 1078 3310 eleum
1104 3248 1298 3307 uenatrieem

230 3356 250 3415 i.
276 3375 302 3415 e.
329 3355 492 3427 baecham,
517 3375 589 3434 quae
612 3357 784 3417 hinnulum
808 3355 977 3434 prehendit
1001 3363 1032 3416 et
1055 3355 1188 3427 diuellit,
1206 3354 1298 3431 signi-

230 3461 323 3521 ficare
359 3467 458 3540 putat.
507 3482 524 3521 e
552 3462 679 3523 bacchis
703 3483 820 3523 nomen
845 3462 885 3522 ad
910 3462 1005 3522 deum
1031 3462 1145 3522 ducem
1168 3461 1299 3521 transla-

230 3576 300 3628 tum
329 3587 396 3629 esse
421 3568 498 3629 dicit
520 3569 680 3646 deumque
705 3569 855 3630 Lenaeum
880 3568 993 3629 ducem
1019 3569 1116 3629 fuisse
1139 3550 1299 3645 orgiorum

230 3675 448 3748 hibernorum,
485 3694 555 3753 quae
590 3676 625 3734 in
659 3674 822 3736 montibus
859 3676 972 3735 mediae
997 3675 1125 3737 Graeciae
1149 3673 1300 3734 mulieres

339 3850 358 3916 ¹)
384 3851 529 3904 Bacchum
558 3846 673 3917 ltaricqa
700 3850 795 3902 inuria
824 3852 949 3912 confert,
969 3866 1035 3903 nam
1055 3847 1141 3899 λίκνον
1162 3849 1298 3901 nimirum

230 3951 357 3991 nannum
377 3940 528 4005 significat,
548 3944 580 3991 ut
599 3938 685 3991 Oeres
706 3940 793 3991 Anih.
814 3940 873 3992 Pal.
893 3940 940 4006 Vl,
954 3939 988 3992 98
1002 3935 1114 4005 lisania
1128 3938 1298 4005 appellatur.

230 4028 301 4079 mihi
333 4029 447 4094 quidem
476 4028 523 4081 hic
551 4029 623 4081 ritus
651 4028 687 4080 ad
715 4029 924 4081 fecunditatem
952 4033 982 4081 et
1010 4032 1137 4094 segetem
1168 4033 1300 4094 spectare

232 4118 357 4169 uidetur.
