3225 5034
751 406 947 466 -138—

313 586 443 646 meliore
472 585 594 646 ratione
617 605 634 644 e
658 584 779 646 diluuia
802 584 863 644 orti
887 602 954 645 esse
978 583 1041 644 diui
1065 590 1218 662 poterant.
1266 603 1384 662 aquam

312 693 447 754 mortuis
470 692 602 753 libatam
626 710 693 753 esse
717 691 847 752 iamiam
873 691 992 751 seimus
1013 690 1236 770 (libamentum
1254 691 1383 751 tertium

313 800 373 861 Od.
398 818 418 858 κ
442 799 517 873 520,
541 798 650 860 AEsah.
675 799 758 860 Pers.
784 799 859 868 611;
885 798 967 859 Paua
991 798 1047 871 Vl,
1073 797 1126 871 20,
1152 802 1170 857 2
1195 797 1283 858 heroi
1303 798 1383 859 Sosi·

312 907 379 987 poli
403 926 520 984 aquam
544 902 684 985 (lobrpe)
705 906 822 966 elatam
846 923 914 966 esse
934 904 1041 977 tradit,
1058 907 1098 965 el.
1117 905 1197 966 Plut.
1219 905 1312 965 Arist.
1331 904 1384 983 21)

312 1014 383 1076 illas
418 1013 587 1074 libationes
622 1012 869 1086 Eleusiniorum,
905 1012 1022 1091 quibus
1058 1009 1235 1093 πλημοχόαι
1267 1031 1384 1072 nomen

312 1129 389 1192 erat,
414 1121 510 1180 etiam
535 1122 676 1181 conferre
699 1120 782 1192 lieet,
807 1139 887 1197 quas
913 1120 1026 1179 Preller
1049 1120 1197 1180 Zeitsehr.
1224 1120 1244 1178 1,
1271 1119 1301 1178 d.
1322 1120 1382 1179 Alt.

316 1229 400 1289 1835
435 1248 466 1305 p.
508 1227 590 1288 1009
626 1227 780 1304 aquatiles
812 1246 879 1287 esse
902 1227 1014 1287 uoluit.
1062 1227 1219 1287 incertum
1243 1225 1304 1286 hoo
1327 1233 1384 1299 est,

313 1353 424 1395 uersus
455 1344 572 1404 autem,
598 1351 677 1411 quos
702 1333 794 1393 affert
819 1334 933 1394 Athen.
959 1334 1017 1408 XI,
1042 1354 1072 1413 p.
1098 1334 1163 1394 496
1187 1334 1212 1393 Β
1237 1352 1277 1393 ex
1311 1333 1385 1393 Piri-

314 1442 400 1510 thoo,
426 1460 497 1519 quae
521 1439 630 1501 fabula
655 1448 762 1501 utrum
787 1440 951 1519 Euripidis
975 1460 1014 1501 an
1040 1440 1146 1501 Critiae
1169 1447 1261 1512 esset,
1286 1439 1385 1500 ambi·

313 1548 456 1627 gebatur,
481 1547 704 1608 memorabiles
728 1556 816 1608 sunt:
863 1540 913 1605 ἵνα
937 1541 1122 1627 πλημοχόας
1141 1542 1225 1605 τάσδ’
1244 1540 1289 1614 εἰς
1305 1547 1385 1627 χθό-

314 1675 374 1716 νιον
409 1650 505 1735 χάσμ’
543 1646 685 1735 εὐφήμως
720 1650 906 1735 προχέωμεν,
954 1655 994 1715 ad
1026 1651 1188 1741 Eleusinia
1212 1667 1297 1716 certo
1320 1674 1384 1714 non

313 1769 471 1842 spectant3
506 1782 603 1840 quare
636 1760 813 1843 πλημοχόαι
838 1763 1014 1823 libamenta
1037 1763 1181 1823 solennia
1204 1770 1289 1836 sunt,
1314 1780 1385 1839 quae

313 1870 345 1931 h.
371 1871 390 1929 l.
416 1870 449 1930 in
473 1870 589 1930 rimam
613 1868 820 1929 effundentur
843 1870 996 1930 nimirum
1021 1876 1057 1931 ut
1076 1870 1206 1931 inleriae.
1246 1870 1279 1930 in
1296 1869 1385 1929 rimis

314 1977 400 2037 enim
425 1983 456 2037 et
478 1977 638 2054 speluncis
662 1978 779 2037 inferos
803 1977 947 2037 habitare
971 1978 1072 2038 Graeoi
1096 1977 1276 2049 credebant,
1294 1983 1330 2036 ut
1346 1975 1386 2035 de

314 2083 521 2162 Amphiarau,
548 2083 730 2161 Trophonio
754 2084 888 2161 aliisque
912 2091 1024 2144 notum
1049 2090 1104 2144 est.
1153 2083 1264 2143 eodem
1290 2082 1385 2142 modo

314 2190 484 2251 libationes
530 2191 685 2267 aquatiles
731 2190 955 2270 hydropboriae
999 2192 1031 2251 in
1076 2191 1202 2265 rimam,
1242 2208 1313 2267 quae
1352 2190 1386 2248 in

314 2297 485 2376 Olympieo
516 2303 592 2369 erat,
628 2297 745 2359 effusas
780 2316 849 2357 esse
883 2299 1056 2359 uerisimile
1079 2304 1127 2358 est
1150 2299 1218 2357 loeo
1242 2296 1332 2356 Paus.
1358 2296 1384 2368 Ι,

317 2405 368 2478 18,
394 2403 412 2465 7
437 2400 563 2483 (CXIV)
588 2405 710 2465 collato.
758 2405 912 2482 placentae
936 2405 1075 2477 mellitae,
1098 2404 1270 2482 dequibus
1288 2403 1386 2481 loqui-

314 2518 375 2585 tur,
400 2511 522 2571 inleriae
546 2517 630 2581 sunt,
656 2512 765 2589 quales
791 2513 923 2572 mortuis
947 2521 978 2572 et
1001 2511 1211 2591 serpentibus,
1237 2529 1309 2589 quae
1332 2528 1385 2570 eos

314 2626 538 2697 repraesentare
573 2617 792 2691 credebantur,
829 2637 912 2698 saepe
940 2618 1162 2679 offerebantur.
1210 2636 1328 2695 aquam
1351 2617 1386 2676 in

315 2726 431 2786 rimam
455 2725 590 2787 effusam
616 2744 683 2787 esse
706 2724 879 2787 Pausanias
904 2727 923 2786 l.
948 2727 968 2786 l.
993 2746 1057 2786 non
1074 2730 1312 2798 commemorat,
1330 2723 1385 2783 sed

315 2832 567 2910 hydropboriam
596 2853 666 2893 eam
691 2833 876 2894 libationem
901 2832 998 2894 luisse
1022 2833 1194 2894 uerisimile
1218 2838 1274 2904 est,
1300 2829 1386 2909 quod

315 2958 432 3016 aquam
459 2959 521 3000 non
548 2939 643 3000 modo
666 2940 749 3011 terri,
775 2938 830 3000 sed
854 2939 949 2999 etiam
974 2940 1038 3000 ritu
1053 2957 1142 3000 sacro
1157 2937 1279 2999 effundi
1297 2956 1387 3015 opor-

315 3045 413 3119 tebat,
438 3055 469 3106 et
493 3047 561 3107 haee
583 3047 665 3106 rima
688 3053 724 3107 ut
747 3045 964 3124 hydrophoria
987 3065 1060 3106 eum
1085 3045 1205 3106 diluuie
1230 3044 1386 3105 eonnecti-

315 3159 377 3220 tur,
402 3171 499 3231 equo
524 3153 606 3213 inter
628 3172 661 3213 se
684 3172 737 3213 eas
760 3153 948 3214 coniunctas
971 3171 1037 3213 esse
1061 3164 1201 3232 apparet.
1242 3169 1386 3212 uersuse

316 3258 448 3319 Pirithoi
472 3260 581 3319 fabula
605 3279 706 3337 nuper
729 3260 817 3321 allati
841 3260 979 3320 similem
1004 3259 1165 3337 quendam
1189 3259 1286 3318 ritum
1304 3277 1386 3318 com-

249 3364 261 3454 1
318 3375 510 3437 memorant;
559 3387 599 3425 ex
638 3367 820 3427 coerimonia
858 3366 1082 3445 hydropboriae
1121 3365 1264 3426 fabulam
1303 3366 1386 3425 aetio

316 3472 462 3548 logicam,
498 3491 570 3550 quae
604 3492 704 3550 aquas
738 3473 871 3533 diluuiei
907 3493 963 3551 per
997 3492 1068 3534 eam
1101 3473 1217 3532 rimam
1240 3471 1387 3550 delapsas

317 3598 384 3639 esse
409 3583 477 3650 lert,
502 3588 604 3640 ortam
629 3598 696 3641 esse
721 3590 842 3642 uaturae
867 3581 910 3640 rei
934 3587 1183 3641 consentaneum
1208 3585 1264 3640 est.
1310 3597 1386 3637 narn

317 3686 396 3746 ritus
431 3704 536 3746 saeros
572 3687 630 3747 hoc
666 3687 761 3747 modo
785 3688 942 3765 explicare
967 3688 1134 3766 scriptores
1157 3692 1278 3746 ueteres
1302 3704 1387 3744 ama·

318 3794 400 3852 uisse
426 3793 555 3852 iamiam
581 3794 697 3872 saepius
722 3795 873 3857 uidimuS.

747 4034 959 4054 wo...-
