3225 5034
686 380 908 471 449»

243 607 347 649 unone
381 594 523 668 tempore
554 589 697 650 fabulam
721 589 772 667 egi
795 595 947 669 oporteat,
972 600 1008 653 ut
1031 612 1070 652 ex
1094 614 1130 654 eo
1154 596 1307 676 Dionysia

242 697 376 772 agrestia
413 701 444 756 et
482 696 684 757 Anthesteria
721 695 833 757 eodem
872 705 1014 778 tempore
1048 702 1205 764 celebrata
1240 724 1307 766 esse

242 801 498 863 concludendum
533 802 582 864 sit.
631 823 706 863 nam
732 803 801 884 hoc·
814 812 943 882 tempus
966 806 1076 867 fictum
1101 809 1219 871 fabulae
1249 817 1305 885 est,

242 909 356 970 Lenaea
389 916 526 989 tempus,
563 929 628 989 quo
648 930 682 970 re
705 929 780 970 uera
803 909 964 989 agebatur,
989 914 1074 990 quod
1099 915 1139 975 ad
1162 917 1307 979 fabulam
1411 925 1419 936 ⁸

242 1016 372 1094 eiusque
407 1017 564 1078 actionem
599 1036 663 1077 non
698 1017 843 1096 pertinet.
897 1037 982 1079 nunc
1018 1021 1178 1082 neminem
1193 1036 1196 1043 '
1214 1024 1307 1085 credo

242 1141 317 1184 cum
341 1123 521 1185 Godolredo
545 1125 710 1184 Hermann
732 1124 771 1184 de
787 1124 850 1185 fide
866 1125 1047 1187 didascalia
1063 1127 1307 1191 addubitantem

241 1229 377 1305 (inuenit
411 1231 471 1292 hoc
505 1231 727 1309 Kanngiesser,
765 1232 822 1292 Die
851 1233 913 1293 alte
938 1233 1023 1293 kom.
1049 1234 1162 1295 Biihne
1185 1256 1216 1315 p.
1243 1236 1306 1297 259

242 1336 314 1414 sqq)
347 1336 491 1398 fabulam
527 1339 686 1416 Dionysiis
717 1339 841 1417 magnis
864 1347 968 1400 actam
992 1359 1059 1401 esse
1084 1348 1204 1420 putare.
1252 1344 1307 1422 qui

243 1442 304 1503 hoc
327 1445 500 1505 refutatum
523 1446 604 1516 uult,
628 1445 824 1506 Boeckhium
849 1466 880 1525 p.
908 1446 971 1506 110
995 1466 1054 1525 sqq
1078 1450 1168 1527 legat.
1201 1450 1307 1528 itaque
1371 1460 1376 1473 “

243 1567 274 1608 u.
300 1550 363 1611 504
389 1544 553 1630 αὗταιγὰρ
578 1547 668 1631 ἐσμεν
692 1545 760 1610 obul
784 1547 910 1632 Ληναίῳ
931 1549 957 1611 τ’
974 1548 1054 1628 ἀγὼν
1070 1556 1222 1616 ironicam
1239 1557 1307 1617 uim

242 1676 308 1717 non
342 1657 448 1730 habet,
484 1657 538 1718 sed
573 1677 622 1718 res
657 1677 747 1720 ueras
781 1660 876 1720 refert
887 1656 918 1740 ¹).
966 1660 997 1720 h.
1034 1662 1054 1722 l.
1080 1663 1308 1742 Aristophanes

243 1783 307 1825 non
331 1764 475 1838 chorum,
499 1763 553 1824 sed
578 1770 716 1825 actorem
741 1785 797 1843 pro
821 1785 853 1826 se
876 1768 1059 1845 loquentem
1081 1768 1212 1830 inducit.
1243 1761 1335 1831 non'

244 1878 291 1931 est
325 1871 522 1950 Dicaeopolis,
552 1871 608 1948 qui
632 1877 741 1932 contra
765 1872 983 1935 Acharnenses
1006 1893 1039 1935 se
1063 1894 1218 1954 suamque
1242 1895 1308 1938 sen-

243 1978 376 2038 tentiam
412 1977 564 2051 defendit,
589 1978 644 2038 sed
669 1978 907 2058 Aristophanes,
932 1981 987 2058 qui
1011 1981 1097 2060 apud
1123 1983 1208 2044 ciues
1232 1983 1309 2046 dicit

244 2102 297 2144 eos
331 2083 513 2159 adhortans,
534 2086 578 2145 ”ut
601 2105 712 2164 pacem
736 2086 864 2146 iaciant.
911 2086 1009 2147 uerba
1032 2096 1221 2167 spectemus.
1269 2089 1308 2150 de

243 2196 310 2250 tota
333 2191 461 2252 ciuitate
485 2193 535 2269 agi
559 2193 674 2253 chorus
696 2193 820 2271 primus
844 2194 1070 2256 animaduertit
1093 2214 1124 2255 u.
1150 2195 1213 2255 491
1239 2215 1307 2274 sqq.

244 2291 443 2379 ἀναίσχυντος
466 2291 505 2357 ὢν
522 2295 664 2380 σιδηροῦς
688 2294 715 2357 δ’
740 2293 825 2380 ἀνήρ,
850 2293 932 2366 ὅστις
948 2301 1113 2382 παρασχὼν
1130 2309 1173 2382 τῇ
1195 2300 1309 2361 πόλει

244 2403 293 2462 τὸν
328 2397 444 2485 αὐχένα
479 2399 572 2464 ἅπασι
601 2403 727 2485 μέλλεις
751 2399 796 2474 εἷς
820 2403 918 2481 λέγειν
943 2401 1091 2483 τάναντία,
1117 2427 1189 2486 quae
1212 2407 1310 2469 uerba

243 2511 336 2573 iactis
371 2519 402 2572 et
432 2512 506 2572 latis
530 2513 753 2591 Aristophanis
776 2513 877 2592 ipsius
900 2514 1020 2592 optime
1044 2515 1249 2589 conueniunt,
1273 2521 1310 2576 ut

244 2619 301 2697 qui
333 2619 418 2679 ciues
442 2619 481 2679 ad
506 2639 617 2698 pacem
641 2618 814 2681 adhortans
837 2619 947 2680 odium
972 2639 1036 2680 non
1060 2621 1164 2681 solum
1188 2641 1308 2695 eorum,

353 2792 372 2860 ¹)
395 2795 450 2845 Hic
469 2810 570 2845 uersus
590 2794 663 2845 nihil
681 2794 745 2846 miri
758 2798 808 2846 aut
821 2794 948 2860 ambigui
961 2795 1056 2847 habet
1075 2796 1107 2847 in
1119 2812 1154 2848 eo
1167 2797 1309 2862 praecipue

244 2883 374 2936 offensus
403 2888 448 2935 est
476 2884 633 2949 Hermann,
657 2883 733 2949 quod
752 2888 862 2936 tantam
882 2884 1097 2950 simplicitatem
1117 2902 1175 2951 pres
1193 2901 1225 2937 se
1244 2885 1309 2937 fert.

245 2988 304 3024 non
326 2972 442 3033 mirum,
463 2988 529 3023 nam
549 2976 642 3038 poeta,
661 2988 698 3024 ne
717 2972 813 3024 denuo
832 2978 991 3038 accusetur,
1010 2988 1112 3025 canere
1131 2978 1168 3039 et,
1188 2974 1213 3025 si
1231 2989 1310 3026 aecu-

245 3066 325 3113 satus
344 3062 390 3127 sit,
410 3061 547 3114 Cleonem
566 3061 806 3115 calumniaturum
827 3076 891 3113 esse
910 3062 958 3114 uia
976 3077 1009 3114 ac
1029 3061 1139 3115 ratione
1157 3063 1310 3115 ostendere

245 3151 316 3203 uult.
353 3151 498 3203 sententia
528 3150 591 3202 eius
618 3151 680 3203 haec
708 3156 765 3203 est:
791 3151 886 3216 priore
905 3166 982 3203 anno
1001 3150 1070 3204 Cleo
1090 3167 1136 3204 me
1155 3151 1310 3218 accusauit,

246 3240 322 3306 qnod
358 3239 508 3306 hospitibus
543 3239 627 3292 ludos
664 3239 863 3306 spectantibus
896 3240 1043 3292 ciuitatem
1075 3241 1220 3307 maledixi,
1251 3256 1311 3293 non

246 3329 322 3395 quod
341 3329 485 3381 ciuitatem
507 3329 651 3380 maledixi.
689 3345 766 3381 nunc
784 3328 880 3394 igitur,
900 3329 1034 3394 quoniam
1052 3329 1159 3382 absunt
1171 3329 1310 3397 hospitae,

246 3422 308 3470 tuto
336 3418 407 3469 mihi
435 3418 605 3470 maledicere
633 3417 714 3479 licet;
737 3417 834 3483 itaque
854 3417 922 3470 Oleo
942 3419 1050 3470 nnllam
1070 3419 1157 3472 habet
1176 3418 1311 3470 calumni-

246 3507 313 3559 andi
341 3523 450 3558 ansam.
487 3507 549 3559 haee
577 3506 653 3559 bona
682 3511 711 3559 et
739 3506 863 3572 simplex
882 3511 928 3558 est
946 3508 1098 3559 sententia
1136 3523 1195 3558 non
1214 3507 1310 3558 minua

246 3599 343 3661 aperte
371 3596 540 3661 ambagibus
568 3595 684 3647 omissis
712 3595 748 3648 ad
767 3599 945 3661 spectatores
964 3611 995 3647 se
1015 3596 1158 3648 conuertit
1176 3596 1212 3647 de
1231 3610 1263 3647 se
1281 3599 1311 3648 et

246 3685 332 3737 rebus
351 3686 412 3737 suis
431 3685 552 3750 loquens
571 3683 670 3735 multis
691 3683 755 3736 aliis
773 3683 844 3736 locis
864 3699 909 3736 ex.
929 3699 953 3736 c.
973 3685 1003 3735 ln
1022 3685 1153 3750 parabasi
1175 3684 1310 3737 Nuhinm.

246 3788 264 3826 1
291 3780 389 3827 nostro
408 3774 471 3826 loco
489 3777 602 3826 tantum
622 3788 656 3824 eo
678 3772 783 3836 differt,
803 3772 879 3837 quod
899 3773 1047 3838 parahasis
1067 3776 1120 3839 est,
1139 3773 1189 3825 sed
1209 3773 1311 3825 comici

211 3868 217 3875 ’
247 3877 310 3915 eam
338 3863 393 3915 sihi
421 3862 567 3916 licentiam
595 3863 759 3927 sumebant,
787 3866 821 3913 ut
842 3862 950 3913 nonin
970 3861 1190 3927 parabasisola,
1211 3861 1310 3913 sedin

247 3952 310 4018 ipsa
337 3952 434 4004 fabula
462 3966 574 4018 quoqne
603 3950 638 4003 de
668 3951 754 4003 rebus
773 3950 965 4016 praesentibus
983 3955 1109 4015 agerent.
1146 3966 1239 4016 nuper
1256 3949 1310 4001 hos

247 4055 348 4093 uersus
376 4040 526 4092 damnauit
544 4039 743 4106 Wachsmuth,
767 4039 842 4091 Mus.
861 4039 955 4091 Rhen.
974 4040 1112 4105 XXXVI,
1131 4039 1192 4105 597,
1211 4043 1311 4091 contra

248 4143 331 4194 quem
350 4144 400 4182 eos
419 4128 551 4182 defendit
569 4129 605 4182 de
625 4128 814 4182 Wilamowitz
833 4128 932 4180 Herm.
952 4128 1034 4195 XXI,
1052 4128 1114 4194 616,
1133 4144 1200 4182 ann.
1222 4130 1244 4180 l.

1185 4234 1203 4286 4
