3225 5034
676 438 852 503 *17-

231 623 356 684 taeensis
395 621 552 682 disserens
586 620 669 680 fecit.
716 619 754 694 ei,
791 619 847 696 qui
881 618 951 679 aliis
986 620 1072 694 locis,
1108 625 1144 680 ut
1178 620 1296 681 mensis

233 736 377 790 accurate
401 727 580 800 definiatur,
606 742 731 787 menses
754 726 867 786 atticos
890 733 927 786 et
944 744 1092 787 romanos
1115 732 1146 786 et
1163 727 1296 805 *aegypti-

232 854 285 897 cos
319 854 445 913 quoque
481 833 612 894 adhibet
635 841 667 893 et
689 833 720 892 h.
747 833 766 892 l.
791 832 962 893 Bucatium
985 832 1075 910 signo
1098 833 1193 893 allato
1216 832 1296 895 indi-

231 949 291 1016 out,
317 960 419 1019 neque
444 934 617 999 bucacsbsra
641 932 897 1017 nequee'radlsra
921 957 1001 1018 opus
1017 945 1107 1013 esset,
1125 940 1151 1000 si
1167 939 1296 1000 aliunde

232 1049 420 1110 Lenaeonem
452 1047 659 1125 cognouisset.
707 1047 733 1107 si
757 1046 891 1107 coniecit
907 1046 1100 1108 Plutarchus
1123 1053 1155 1106 et
1178 1048 1297 1108 coniec-

232 1163 304 1215 tura
338 1155 405 1215 eius
432 1174 506 1216 cum
530 1154 578 1222 iis,
603 1170 675 1231 quar
698 1152 737 1213 de
757 1152 852 1214 ¹fastis
877 1152 1028 1214 boeoticis
1051 1160 1206 1227 tenemus,
1231 1173 1296 1214 non

232 1261 402 1340 conspirat,
437 1280 493 1323 cur
527 1279 600 1321 eum
635 1259 788 1320 errauisse
816 1265 953 1320 statuere
976 1256 1183 1322 dubitemus?
1229 1278 1295 1320 rem

232 1368 261 1428 ei
296 1369 390 1447 plane
416 1367 609 1445 incognitam
634 1385 701 1427 esse
724 1386 764 1427 ex
787 1367 901 1439 causis,
926 1386 1005 1445 quas
1028 1367 1130 1441 affert,
1154 1372 1294 1446 apparet,

232 1492 312 1553 quas
345 1474 524 1553 Hesychius
547 1480 630 1535 recte
653 1474 686 1533 in
710 1473 808 1533 uerba
831 1472 884 1531 καὶ
907 1473 965 1552 γὰρ
989 1474 1105 1554 ψυχρός
1128 1469 1190 1532 ἐστι
1213 1492 1296 1534 com·

232 1581 408 1660 prehendit.
456 1580 615 1641 Hesiodus
651 1580 840 1640 Lenaeonem
874 1576 946 1639 κάκ’
976 1577 1079 1663 ἤματα
1103 1580 1197 1654 dicit;
1222 1598 1295 1640 curn

233 1687 382 1749 Bucatius
406 1705 463 1748 sua
487 1692 577 1747 aetate
601 1687 678 1747 item
699 1687 818 1749 mensis
834 1687 981 1748 hiemalis
997 1688 1189 1766 asperrimus
1204 1694 1294 1760 esset,

232 1794 340 1855 statim
364 1813 416 1855 eos
441 1813 564 1855 menses
587 1795 669 1854 inter
685 1812 718 1854 se
733 1793 923 1872 respondere
939 1794 1102 1854 conclusit.
1134 1794 1294 1867 Hermaeo,

231 1901 287 1978 qui
311 1906 404 1961 antea
427 1901 550 1962 Bucatii
574 1901 680 1961 locum
703 1905 815 1961 tenens
839 1902 1031 1979 asperrimus
1055 1901 1158 1961 fuerat
1181 1909 1212 1961 et
1227 1901 1296 1961 eius

230 2026 357 2085 quoque
392 2013 483 2069 aetate
512 2007 617 2068 hieme
641 2026 705 2068 non
729 2007 865 2080 carebat,
890 2008 1003 2068 reiecto
1027 2007 1194 2068 Bucatium
1219 2026 1296 2086 prae·

232 2115 315 2188 tulit,
352 2114 438 2192 quod
462 2133 578 2174 nomen
603 2114 727 2175 Bucatii
751 2114 824 2174 uoci
847 2113 1014 2175 Hesiodeae
1039 2110 1170 2193 βουδόρα
1192 2100 1296 2175 simile

231 2230 306 2282 erat.
354 2221 511 2283 scholium
547 2217 605 2302 (ll)
638 2220 745 2282 uerbis
769 2221 886 2300 apertis
909 2221 949 2280 de
971 2221 1086 2299 frigore
1109 2240 1174 2281 non
1197 2221 1295 2299 loqui·

230 2334 298 2401 tur;
329 2327 390 2389 hoc
413 2327 649 2388 autem‘uerbis
674 2321 848 2397 Βουκάτιον,
873 2321 906 2394 ὅς
930 2321 1008 2387 ἐστιν
1031 2322 1120 2410 ἡλίου
1143 2327 1192 2386 τὸν
1216 2320 1294 2402 αἰγό-

230 2424 326 2512 κερων
361 2431 485 2501 διιόντος
520 2434 611 2507 inest,-
648 2433 734 2512 quod
768 2434 802 2496 id
836 2435 963 2512 signum
995 2435 1136 2496 maxime
1159 2434 1295 2494 hiemale
1345 2430 1349 2445 “

231 2559 298 2602 esse
322 2547 435 2601 notum
459 2546 533 2601 erat.
581 2541 642 2601 hoe
665 2541 868 2602 enuntiatum
889 2560 953 2602 non
969 2542 1075 2602 solum
1089 2546 1216 2619 tempus
1233 2541 1295 2600 Bu·

230 2648 305 2708 catii
328 2647 468 2719 definire,
493 2647 548 2708 sed
572 2648 668 2707 etiam
692 2666 832 2720 causam,
854 2667 910 2707 cur
926 2647 978 2708 hic
994 2654 1295 2725 comparetur-men·

230 2754 283 2828 sis,
321 2753 461 2815 indicare
499 2773 536 2814 eo
574 2759 714 2833 apparet,
754 2753 839 2831 quod
878 2753 1099 2814 coniunctione
1133 2754 1185 2811 κοί
1220 2773 1294 2814 cum

231 2860 395 2921 enuntiato
429 2867 579 2939 sequente
614 2867 664 2919 του
701 2856 831 2939 βουδόρα
867 2867 906 2938 τῷ
937 2854 1093 2939 Boutadai
1117 2857 1294 2939 cundberto<

230 2968 415 3045 copulatum
454 2975 510 3041 est,
550 2987 621 3045 quae
656 2967 754 3027 uerba
788 2967 921 3028 alteram
955 2986 1085 3029 causam
1119 2964 1320 3046 proferunt*

230 3073 298 3134 haec
332 3083 439 3135 autem
475 3075 582 3152 magni
618 3074 771 3135 momenti
796 3081 941 3134 nonest.
989 3074 1139 3135 Bucatius
1163 3074 1294 3152 Delphis

230 3181 264 3240 in
299 3181 558 3259 Metagitnionem
587 3180 749 3242 incidebat
772 3187 802 3241 et
827 3181 929 3242 Chalii
952 3181 986 3241 in
1009 3180 1128 3259 oppido
1151 3179 1294 3242 boeotico

231 3296 278 3347 est
309 3288 467 3348 Boathoos
502 3287 667 3366 delphicus
702 3289 722 3347 i.
747 3307 774 3348 e.
799 3288 989 3348 Boedromio
1012 3288 1106 3361 (Bull.
1132 3286 1236 3360 XVII,
1260 3307 1291 3366 p.

231 3393 306 3466 394,
342 3394 434 3455 inser.
472 3393 537 3474 94).
584 3394 791 3455 Plutarchum
827 3394 945 3455 talibus
981 3394 1175 3471 argumentis
1198 3412 1293 3454 usum

231 3501 383 3561 errauisse
408 3502 526 3561 mirum
550 3521 615 3562 non
639 3506 695 3575 est,
721 3520 823 3578 neque
847 3520 1043 3578 quemquam
1066 3519 1140 3560 eum
1164 3518 1293 3577 sequen·

231 3611 296 3668 tem
331 3608 444 3668 Lenaea
476 3607 649 3669 Posideone
673 3607 830 3668 celebrata
853 3626 919 3668 esse
943 3626 1028 3669 nunc
1052 3613 1188 3668 statuere
1211 3608 1293 3668 uelle

230 3714 333 3788 oredo,
370 3733 441 3792 quae
475 3716 632 3775 sententia
665 3715 839 3783 Fritzschii,
877 3715 904 3775 si
937 3715 1017 3775 illud
1041 3714 1292 3793 probauerimus‚

229 3821 371 3893 eueniet;
407 3821 461 3882 sed
497 3821 564 3882 haec
599 3828 682 3881 certo
717 3822 797 3882 falsa
832 3821 902 3882 aliis
936 3821 1130 3899 argumentis
1165 3839 1293 3900 prorsus

230 3933 323 3988 caret.
370 3946 467 4005 quare
490 3929 667 4006 excogitata
689 3927 850 3989 Plutarchi
874 3928 1004 3988 tandem
1027 3928 1223 3989 omittamus.

336 4034 368 4095 Is
403 4035 591 4095 Lenaeonem
626 4035 794 4096 Bucatium
830 4053 897 4096 esse
920 4035 1063 4109 coniecit,
1087 4034 1293 4113 posteriorem

230 4148 338 4200 autem
372 4148 495 4220 partem
523 4142 604 4202 alius
627 4140 761 4218 addidit,
787 4142 842 4220 qui
866 4161 933 4202 rem
957 4142 1071 4202 melius
1094 4145 1292 4219 perspectam

1169 4260 1186 4312 2
