3225 5034
759 368 938 428 ..24-

317 548 402 621 bent,
428 525 495 635 haec
519 546 678 613 mensium
703 546 836 606 nomina
859 565 923 607 non
939 546 1107 625 pertinent,
1125 565 1198 607 oum
1215 547 1278 607 alia
1293 547 1380 607 aliud

316 654 444 715 indicet.
492 654 624 714 forsitan
658 653 861 714 coniectanea
899 652 979 725 sint;
1019 653 1192 713 forsitans
1216 659 1320 714 uetere
1344 673 1380 714 ao

316 761 400 821 bono
430 759 608 822 calendario
632 760 731 839 petita
755 759 833 833 sint3
859 778 955 837 quare
979 778 1107 820 summa
1130 760 1276 821 cautione
1299 779 1380 839 opus

315 873 372 941 est,
408 886 510 945 neque
543 866 726 945 quicquam,
751 866 838 945 quod
861 867 951 927 aliter
974 866 1154 927 confirmari
1177 885 1241 927 non
1265 872 1380 944 potest,

315 973 551 1035 admittendum
587 977 642 1034 est.
690 974 837 1052 exemplo
868 973 960 1034 nobis
984 981 1032 1034 est
1054 974 1189 1047 Taetzes,
1214 974 1268 1051 qui
1293 973 1333 1033 ad
1358 974 1378 1034 l.

315 1100 440 1143 menses
474 1080 596 1159 aliquot
630 1081 823 1159 populorum
858 1099 1049 1141 enumerans
1083 1079 1227 1141 doctrina
1254 1080 1379 1158 gloriari

314 1187 426 1261 uoluit,
460 1187 545 1265 quod
582 1186 667 1247 haud
693 1185 774 1247 bene
798 1187 914 1256 euenit,
939 1193 976 1248 ut·
998 1192 1081 1248 recte
1104 1187 1143 1247 de
1167 1205 1204 1248 eo
1227 1186 1380 1247 Heinsius

314 1294 355 1354 ad
390 1296 409 1354 l.
447 1294 576 1354 dixerit:
617 1299 772 1371 »nugatur
807 1294 983 1354 miserrime
1006 1295 1040 1354 in
1064 1293 1168 1355 atticis
1191 1299 1222 1354 et
1245 1292 1380 1354 hebraeis

314 1400 510 1463 mensibus».
558 1418 675 1461 errores
710 1418 822 1461 omnes
856 1400 952 1461 huius
987 1400 1148 1478 nugatoria
1183 1400 1267 1460 male
1295 1399 1380 1460 docti

313 1507 434 1568 ratione
467 1527 503 1567 ac
526 1506 580 1567 uia
603 1506 760 1585 explicare
784 1507 911 1567 irritum
934 1512 990 1568 est.
1037 1515 1074 1568 ut
1096 1507 1280 1585 exemplum
1306 1506 1379 1566 affe·

312 1633 391 1687 ram,
417 1633 615 1692 quamquam
634 1613 777 1692 primum
794 1613 984 1674 Lenaeonem
1001 1614 1186 1674 Ianuarium
1202 1632 1269 1674 esse
1286 1612 1379 1686 dixit,

313 1721 381 1782 sine
416 1720 615 1782 dubitatione
649 1739 782 1799 pergens
818 1719 966 1781 Lenaeoni
1001 1720 1199 1782 uindemiam
1222 1719 1377 1780 attribuit.

313 1829 338 1889 si
374 1828 425 1889 cui
460 1827 704 1906 explicationem
741 1827 849 1888 uidere
878 1827 983 1901 libeat,
1009 1827 1049 1888 ad
1074 1827 1255 1888 Gilbertum
1279 1847 1310 1906 p.
1337 1827 1376 1886 21

312 1936 423 2013 relego.
449 1954 486 1994 ea
508 1942 627 2007 tamen,
652 1953 723 2012 quae
746 1954 777 2012 p.
800 1935 843 1995 20
859 1933 899 1994 de
922 1934 1062 1995 Choeaoe
1078 1940 1110 1995 et
1126 1934 1274 1994 Ianuario
1291 1933 1378 2007 dicit,

313 2042 369 2103 uix
404 2041 527 2102 credere
555 2059 695 2120 possum.
742 2040 867 2101 inuenit
890 2041 1015 2102 Taetaes
1038 2047 1210 2119 utrumque
1235 2059 1378 2100 mensem

312 2150 446 2209 allatum
480 2167 595 2226 eosque
631 2146 745 2208 deinde
780 2148 960 2227 composuit
994 2166 1046 2208 eos
1070 2147 1197 2209 eosdem
1222 2166 1287 2207 non
1311 2165 1379 2207 esse

312 2274 376 2316 non
400 2255 603 2316 considerans

419 2363 486 2422 lllis
510 2350 621 2422 uerbis
639 2361 750 2422 scholii
773 2361 902 2435 Tzetzae,
927 2380 999 2440 quae
1023 2360 1171 2422 editionis
1187 2359 1378 2421 Trincauelli

312 2470 498 2530 auctoritate
532 2474 658 2529 tantum
695 2472 838 2542 utuntur,
874 2468 1022 2529 Gaisiord
1050 2473 1158 2529 autem
1181 2488 1246 2528 non
1270 2467 1376 2540 habet,

312 2576 397 2654 quod
422 2596 459 2636 ea
481 2575 600 2637 scilicet
623 2575 657 2634 in
681 2573 770 2635 libris
793 2575 860 2635 suis
877 2594 951 2636 mss.
972 2595 1037 2636 non
1052 2575 1186 2645 inuenit,
1204 2594 1275 2653 quae
1292 2595 1377 2635 men-

274 2712 276 2716 ⁴
312 2702 379 2744 sem
403 2684 592 2742 Lenaeonem
615 2682 768 2761 appellari
792 2675 837 2740 ὅτι
861 2681 897 2740 τὰ
923 2675 1069 2757 Πιθοίγια
1093 2678 1124 2740 ἐν
1148 2681 1240 2760 τοὺτῳ
1265 2675 1377 2756 ἐγίνετο

311 2789 488 2869 perhibent,
525 2808 674 2868 magnam
710 2788 807 2848 fidem
842 2808 937 2849 nemo
961 2789 1077 2850 habere
1100 2793 1214 2867 potest,
1239 2807 1313 2848 cum
1338 2807 1377 2847 ne

306 2897 436 2983 v'laetaes
465 2896 604 2973 quidem,
630 2895 685 2956 sed
709 2896 862 2975 posterior
886 2896 1065 2973 nescioquis
1089 2914 1125 2955 ea
1149 2894 1309 2956 addidisse
1332 2895 1377 2954 ui·

311 3003 431 3063 deatur.
478 3003 637 3064 Fritzsche
660 3010 769 3063 tamen
793 3004 808 3062 Ι
832 3023 863 3081 p.
890 3005 931 3062 26
955 3022 993 3080 sq
1016 3002 1055 3062 iis
1078 3001 1225 3081 inprimis
1249 3002 1374 3062 nititurl

310 3111 429 3171 festum
459 3108 693 3188 Pithoegiorum
719 3110 799 3170 mira
822 3128 897 3170 sane
921 3127 1017 3170 causa
1040 3092 1087 3169 est
1110 3108 1249 3168 nominis
1272 3109 1376 3168 Lenae-

310 3217 390 3291 onis,
427 3236 499 3294 quae
532 3217 671 3294 intellegi
706 3236 770 3277 non
797 3221 911 3295 potest,
947 3216 1008 3277 nisi
1043 3216 1177 3295 scriptor
1214 3215 1377 3291 Pithcegia

311 3344 406 3386 omne
440 3325 557 3386 festum
592 3324 660 3384 uini
692 3323 793 3402 gratia
827 3322 1021 3384 celebratum
1049 3328 1201 3383 uocatum
1224 3340 1291 3382 esse
1315 3341 1375 3381 cre·

311 3431 402 3491 didit.
449 3451 525 3491 narn
561 3431 628 3491 fieri
662 3450 726 3491 non
760 3436 873 3510 potest,
906 3436 941 3491 ut
964 3430 1113 3490 Lenaeoni
1144 3448 1260 3489 nomen
1284 3447 1301 3488 e
1325 3428 1377 3488 die

311 3537 586 3598 Anthestericrum
616 3537 755 3598 inditum
778 3538 830 3611 sit,
855 3545 886 3598 et
909 3537 936 3598 si
959 3537 1030 3615 quis
1054 3536 1086 3596 id
1111 3535 1233 3615 probet,
1259 3535 1375 3595 Anthe-

311 3645 405 3706 steria
439 3645 593 3705 Lenaeone
627 3644 647 3705 i.
678 3664 704 3706 e.
734 3645 920 3705 Gamelione
943 3649 1013 3704 acta
1037 3662 1104 3704 esse
1128 3643 1156 3702 ei
1179 3661 1305 3703 necesse
1329 3645 1376 3701 est

311 3751 508 3825 concludere,
544 3750 630 3828 quod
665 3770 769 3821 nemo,
794 3750 898 3824 credo,
922 3751 983 3811 sibi
1006 3751 1041 3809 in
1065 3750 1210 3810 animum
1234 3747 1372 3809 inducet.

418 3857 571 3918 Omnium
609 3858 783 3935 glossarum
824 3863 853 3917 et
892 3857 1096 3930 scholiorum,
1135 3856 1170 3915 in
1193 3854 1311 3933 quibus
1335 3854 1374 3914 de

310 3965 464 4024 Lenaeone
487 3964 600 4041 agitur,
617 3963 877 4041 antiquissimum
894 3963 1108 4037 uerissimum,
1126 3969 1237 4035 cetera,
1255 3966 1378 4039 quanto

309 4071 493 4144 recentiora,
529 4076 619 4132 tanto
653 4070 760 4149 peiora
794 4088 861 4131 esse
885 4089 943 4130 nec
967 4088 1109 4130 mensem
1134 4073 1278 4129 accurate
1302 4067 1375 4128 defi·
