3225 5034
682 387 878 447 *115-

245 564 324 625 ticas
359 572 390 623 et
419 563 583 643 delphicae
607 583 671 624 non
694 563 896 636 adhibemus,
921 583 1057 642 quarum
1082 566 1147 625 iam
1171 564 1239 625 dixi
1260 564 1315 635 du·

245 690 314 731 cem
339 670 438 732 alium
465 670 625 732 Bacchum
649 689 716 732 esse
740 690 777 732 ac
801 671 961 732 Lenaeum.
1010 672 1082 733 festi
1106 690 1224 732 nomen
1247 665 1317 753 Λή-

245 796 316 835 ναια
339 784 370 838 et
394 778 529 838 uerbum
553 771 685 858 ληναΐζω
708 798 747 839 ex
770 778 882 839 eadem
908 779 1005 857 stirpe
1028 778 1212 858 prouenisse
1232 785 1317 842 reato

244 886 357 946 statuit
391 885 431 946 de
465 885 553 946 Prott
588 886 662 946 Ath.
700 886 805 946 Mitth.
835 885 960 959 XXIII,
985 886 1315 956 22631ne0autem

245 992 352 1063 haerst
389 992 475 1071 quod
511 1009 575 1053 uox
610 989 700 1073 λὴναι
730 993 988 1072 ePeloponneso
1011 998 1138 1053 tautum
1162 990 1314 1065 traditur;

245 1118 319 1161 cum
336 1106 444 1161 autem
461 1100 672 1179 philosophus
688 1101 794 1175 ionica
809 1100 945 1162 dialecto
961 1099 1101 1161 scribens
1117 1105 1149 1159 et
1165 1099 1224 1160 hac
1237 1117 1316 1159 uoce

244 1211 276 1266 et
291 1206 390 1266 uerbo
413 1200 545 1287 ληναΐζω
568 1212 677 1268 utatur
700 1215 732 1267 et
755 1226 872 1267 nomen
898 1189 1017 1268 mensis
1037 1206 1133 1267 ionici
1150 1205 1316 1266 Lenaeonis

246 1331 389 1374 mensem
423 1314 629 1375 torcularium
657 1315 747 1374 nullo
770 1314 867 1374 modo
891 1314 1068 1392 significare
1090 1313 1200 1392 possit,
1225 1311 1315 1373 dubi·

244 1420 380 1481 tandum
416 1440 483 1482 esse
507 1421 588 1481 mihi
611 1441 675 1481 non
701 1421 837 1492 uidetur,
862 1421 916 1484 ned
942 1421 1091 1482 Lenaeum
1117 1419 1213 1481 deum
1237 1419 1315 1480 ioni·

244 1546 317 1587 cum
342 1547 409 1589 esse
432 1528 535 1602 oredo,
560 1547 656 1607 quem
680 1527 771 1609 λήναι
793 1528 888 1606 orgiis
904 1527 1115 1588 celebrabant.
1156 1534 1314 1606 quantum

245 1635 372 1713 mystici
396 1635 606 1697 Athenienses
629 1636 827 1709 retinuerint,
851 1636 1021 1709 nescimus,
1046 1635 1108 1696 nisi
1132 1655 1149 1694 e
1176 1633 1317 1695 testimo·

244 1741 306 1804 niis
330 1762 426 1822 supra
450 1742 553 1805 allatis
584 1748 708 1804 constat
731 1742 826 1822 plane
850 1742 1067 1806 oblitteratum
1091 1741 1124 1803 id
1148 1761 1213 1802 non
1237 1758 1314 1828 esse

244 1854 354 1927 postea
388 1850 562 1925 comoedia,
598 1869 670 1928 quae
705 1850 770 1911 ruri
793 1869 810 1909 e
834 1869 954 1928 pompa
977 1849 1117 1928 phallica
1140 1854 1215 1910 nata
1237 1852 1316 1920 erat,

243 1956 277 2016 in
302 1956 414 2016 urbem
437 1958 588 2017 translata
614 1956 710 2020 decus
733 1956 931 2036 praeoipuum
954 1956 1141 2016 Lenoeorum
1157 1955 1242 2016 iacta
1256 1961 1316 2028 est,

243 2071 280 2123 ut
304 2063 353 2124 hae
376 2064 462 2124 ieriae
485 2063 634 2124 ludorum
657 2063 863 2124 scaenicorum
881 2062 1016 2140 propriae
1031 2081 1099 2123 esse
1115 2061 1314 2131 uiderentur;

244 2169 340 2230 etiam
358 2171 514 2249 posterius
530 2170 698 2249 tragoediae
714 2188 842 2249 quoque
858 2168 976 2230 additae
992 2175 1067 2230 sunt
1080 2165 1200 2251 (Bothe,
1214 2168 1316 2228 Prole·

243 2295 379 2355 gomena
403 2298 433 2357 p.
460 2275 523 2357 25).
563 2288 714 2357 praeterea
736 2283 851 2340 notum
867 2295 933 2339 non
949 2282 1006 2348 est,
1023 2276 1185 2355 quomodo
1201 2276 1316 2337 Lenaea

243 2390 315 2446 acta
338 2384 415 2456 sint;
441 2384 480 2445 de
504 2384 592 2446 Prott
614 2384 746 2463 quidem
769 2385 790 2448 l.
815 2384 836 2446 l.
863 2384 926 2444 223
950 2402 1010 2462 sqq
1034 2383 1166 2446 nomina
1190 2382 1315 2446 dierum

178 2512 180 2515 ’
243 2509 351 2552 eruere
385 2499 518 2553 conatus
552 2500 609 2564 est,
643 2491 697 2552 sed
722 2510 794 2568 quae
818 2490 960 2569 protulit,
985 2490 1062 2551 satis
1085 2491 1205 2551 incerta
1228 2496 1315 2551 sunt.

244 2599 285 2659 ci.
309 2598 406 2662 ctiam
431 2599 528 2671 Groh‚
553 2599 666 2659 Studia
689 2598 729 2659 de
753 2594 828 2658 ’Aa
854 2594 922 2658 πολ.
947 2618 978 2677 p.
1005 2596 1045 2658 27
1070 2616 1139 2678 sqq.

573 2916 638 2997 De
668 2917 985 2998 Anthestsriis

351 3133 554 3194 Anthesteria
577 3134 671 3195 ferias
694 3133 935 3213 antiquissimas
959 3133 1074 3194 Bacchi
1099 3131 1316 3210 Thucydides,

244 3249 354 3301 auctor
376 3240 595 3318 grauissimus,
620 3246 722 3312 uocat,
748 3239 834 3318 quod
859 3240 990 3319 quidem
1010 3240 1078 3300 iure
1095 3239 1187 3308 dixit,
1204 3257 1314 3318 quam·

244 3366 342 3426 quam
358 3348 418 3409 hoc
434 3348 553 3412 festum
572 3347 749 3426 epartibus
764 3348 848 3410 inter
863 3366 895 3408 se
912 3346 1122 3410 dissimilibus
1137 3344 1314 3410 conflatum

244 3472 310 3518 esse
346 3454 406 3516 uiri
441 3453 527 3518 docti
554 3455 685 3516 iamiam
709 3454 1007 3516 aminaduerterunt
1029 3451 1144 3532 (Hiller
1168 3452 1207 3516 de
1231 3454 1315 3516 Gaer·

243 3561 368 3639 tringen
402 3561 435 3621 in
460 3562 579 3640 encycl.
627 3562 738 3641 Paulyi
761 3566 793 3623 et
821 3562 982 3623 Wissowae
1005 3579 1030 3622 s.
1055 3580 1086 3621 u.
1112 3560 1315 3621 Anthesteria

244 3664 393 3748 12372),
428 3687 500 3746 quae
534 3674 676 3746 tempore
711 3686 839 3745 quoque
862 3667 995 3729 forsitan
1019 3666 1178 3728 differant.
1226 3666 1315 3727 uoui-

244 3793 316 3836 mus
351 3774 438 3836 enim
473 3774 682 3836 Anthesteriis
706 3775 864 3854 populum
887 3769 1143 3854 κραιπαλόκωμον
1166 3773 1314 3836 comissa·

244 3886 314 3943 tum
349 3900 426 3956 esse,
462 3882 517 3944 sed
553 3882 649 3943 etiam
684 3882 836 3944 nouimus
868 3881 927 3944 hos
962 3881 1029 3946 dies
1053 3881 1150 3944 festos
1174 3881 1316 3944 nefastos

243 3988 351 4062 fuisse,
376 3989 494 4067 quibus
518 3988 640 4050 mundo
663 3994 791 4068 patente
815 4008 926 4052 manes
949 3989 1032 4051 inter
1055 3988 1147 4050 uiuos
1166 3987 1315 4050 homines

244 4094 526 4156 circumuolabant.
574 4094 782 4174 quamobrem
817 4101 855 4156 ut
879 4097 1001 4157 malum
1025 4114 1044 4155 a
1067 4113 1100 4155 se
1123 4099 1314 4167 auerterent,
