3225 5034
699 366 851 443 *5ss

240 542 274 602 in
298 542 399 602 titulis
423 542 559 620 publicis
584 542 763 619 posterioris
787 542 889 602 aetatis
913 542 1105 616 inuenimus,
1131 545 1233 605 omitti
1257 566 1308 622 po·

240 649 315 720 tcs't;
352 649 503 726 agricolas
538 655 569 709 et
597 654 710 710 nautas
734 650 840 709 stellas
864 649 1082 710 obseruanisse
1106 670 1146 712 ex
1162 652 1310 713 Hesiodo

241 762 381 834 apparet.
423 756 449 816 si
473 774 560 816 sacra
584 756 634 816 die
658 756 751 828 iusto,
777 756 874 834 quia
898 758 1065 817 nouilunio
1089 759 1158 819 uiso
1182 778 1311 838 compu-

241 864 377 935 tabatur,
403 862 655 941 perficiebantur,
682 862 761 923 bene
786 882 834 924 res
858 882 890 923 se
919 863 1093 936 habebant;
1118 867 1310 928 accuratiore

242 970 477 1047 comparatione
512 970 670 1030 rationum
707 989 788 1048 opus
823 990 888 1033 nou
923 978 997 1031 erat.
1046 972 1100 1032 sed
1132 975 1174 1033 rei
1198 981 1312 1035 natura

242 1077 371 1149 ferebat,
397 1083 432 1137 ut
456 1078 564 1137 animo
588 1077 648 1138 sibi
673 1078 769 1155 uulgo
793 1078 956 1154 fingerent,
981 1080 1074 1157 quale
1091 1086 1217 1158 tempus
1234 1082 1311 1141 anni

243 1203 309 1245 esse
345 1186 465 1257 soleret,
501 1185 534 1244 in
571 1183 656 1261 quod
692 1185 811 1246 mensis
846 1191 949 1246 certus
983 1186 1153 1254 incidebat.
1191 1193 1225 1247 ut
1256 1207 1311 1248 nos

221 1296 384 1369 tempora
420 1310 579 1352 sacrorum
609 1292 843 1352 resurrectionis
867 1299 897 1352 et
922 1300 1116 1370 pentecostes
1141 1295 1232 1355 nobis
1258 1283 1336 1355 fin-'

244 1398 356 1470 simus
397 1399 603 1476 quamobrem
631 1399 743 1459 Lenaeo
768 1406 840 1477 apte
866 1407 898 1458 ut
925 1400 1042 1459 mensis
1067 1400 1225 1479 imprimis
1248 1403 1312 1462 hie·

246 1507 335 1566 malis
360 1505 556 1566 describitur.

350 1613 446 1673 Facili
465 1614 589 1698 negotio
608 1613 765 1674 Fritzsche
781 1614 946 1691 refutatur,
964 1615 1018 1692 qui
1037 1615 1069 1673 in
1086 1616 1190 1693 prima
1207 1616 1245 1674 de
1258 1616 1312 1675 Lc-

245 1721 320 1780 naeis
337 1721 605 1781 commentatione
622 1740 651 1798 p.
675 1721 711 1781 17
730 1740 797 1798 sqq.
817 1721 1003 1780 Lenaeonem
1023 1722 1155 1782 Hesiodi
1171 1741 1310 1782 mensem

245 1827 377 1886 atticum
402 1827 609 1886 Posideonem
634 1846 700 1887 esse
717 1827 840 1886 efficere
857 1828 936 1887 uult.
973 1829 1110 1902 seiungit
1127 1829 1153 1888 is
1170 1849 1188 1887 a
1205 1849 1312 1889 mense

195 1998 202 2017 χ
245 1932 348 1991 ionico
372 1933 526 1992 Lenaeonc
551 1934 684 1993 atticum·
708 1934 850 1993 eiusdem
875 1936 1022 1995 nominis.
1050 1955 1145 2012 (quern
1171 1936 1313 1996 nonnisi

246 2040 330 2115 apud
348 2039 525 2098 Hesiodum
544 2042 783 2100 commemorari
803 2041 888 2101 dicit.
918 2041 971 2101 sed
990 2043 1056 2101 siue
1074 2043 1232 2102 Hesiodus
1246 2044 1313 2103 siue

247 2145 452 2215 diasceuasta,
478 2147 654 2225 rhapsodus
679 2148 811 2219 ionicus
836 2149 895 2208 hoe
911 2150 1045 2227 scripsit.
1065 2151 1181 2210 mensis
1199 2151 1313 2211 atticus

247 2251 286 2311 ab
303 2272 339 2311 eo
356 2254 469 2313 allatus
488 2255 704 2330 multomagis
723 2255 820 2316 mirus
838 2266 883 2316 est
900 2274 995 2335 quam
1015 2257 1143 2316 ionicus.
1183 2258 1312 2328 accedit,

246 2359 330 2436 quod
368 2360 575 2421 Athenienses
613 2362 774 2422 Lenaeoois
811 2363 939 2421 nomine
964 2381 1141 2440 numquam
1167 2364 1214 2423 usi
1240 2370 1314 2425 sunt

246 2460 286 2544 (u.
312 2465 396 2526 inira.
421 2488 448 2544 p.
476 2469 517 2527 34
542 2465 620 2545 sqq).
648 2469 834 2530 Lenaeonem
862 2469 991 2529 Hesiodi
1020 2470 1221 2529 l'osideonem
1247 2490 1313 2531 esse

246 2573 404 2633 Fritzsclre
429 2574 514 2645 dicit,
540 2576 623 2652 quod
651 2576 803 2636 Lenaecne
828 2576 985 2655 descripto
1006 2578 1050 2637 sic
1068 2578 1166 2654 pergit
1184 2597 1213 2637 u.
1233 2578 1312 2639 564:

357 2674 413 2738 lile
438 2675 473 2739 ἂν
498 2678 524 2739 δ’
550 2676 693 2762 ἑξήκοντα
718 2682 795 2761 μετὰ
819 2682 931 2760 τροπὰς
955 2678 1071 2763 ἠελίοιο

353 2783 484 2867 perpera*
510 2784 655 2869 ἐκτελέα-τ]
679 2785 753 2855 Ζεὺς
776 2787 888 2871 ἤματα,
915 2787 951 2870 δὴ
976 2783 1015 2869 ῥα
1040 2784 1096 2847 τότ’
1127 2785 1220 2871 ἀστὴρ

354 2891 541 2974 Ἀρκτοῦρος
565 2895 717 2974 προλιπὼν
742 2890 820 2975 ἱερὸν
846 2889 914 2967 ῥόον
939 2884 1095 2955 Ὠκεανοῖο

354 3009 468 3080 πρῶτον
492 3004 669 3085 παμφαίνων
695 2998 884 3062 ἐπιτέλλεται
908 2998 1138 3085 ἀκροκνέφαιος.

247 3115 277 3168 et
312 3109 362 3169 his
389 3111 553 3187 sexaginta
576 3110 698 3181 diebus
724 3111 779 3189 qui
802 3131 818 3170 a
844 3113 966 3171 solstitio
989 3111 1122 3171 hiberno
1146 3112 1314 3189 incipiunt,

247 3220 374 3294 poetam
409 3226 546 3296 tempus,
583 3218 667 3296 quod
704 3218 785 3278 int-er
812 3220 980 3278 Loroeooem
1008 3224 1039 3277 et
1062 3219 1231 3278 Arcturum
1257 3219 1313 3278 ori-

247 3329 353 3383 entem
377 3330 434 3397 est,
464 3325 639 3401 significare
663 3332 764 3404 putat.
800 3326 833 3384 in
860 3326 1047 3384 memoriam
1071 3344 1217 3385 reuocare
1242 3327 1315 3385 uolo

247 3434 374 3508 po'e‘tam
407 3451 436 3491 u.
463 3432 637 3492 504—563
662 3433 799 3492 hiemem
826 3432 1031 3509 asperrimam
1057 3432 1234 3509 depingere,
1260 3432 1314 3492 sed

248 3537 311 3597 564
337 3557 404 3615 sqq.
430 3545 568 3616 tempus,
592 3559 611 3598 a
634 3559 697 3618 quo
720 3540 853 3618 incipiat
873 3558 938 3611 uer,
956 3544 1099 3599 accurate
1116 3539 1246 3599 definire
1263 3558 1314 3599 uo-

247 3645 352 3718 luisse,
378 3663 475 3723 quare
502 3646 562 3706 hoc
585 3646 631 3706 illi
655 3646 845 3723 subiungere
868 3666 931 3706 noc
956 3646 1042 3717 licet;
1068 3665 1142 3706 cum
1166 3653 1316 3724 praeterea

248 3751 379 3813 Posideo
404 3753 522 3814 mensis
546 3753 665 3813 lunaris
688 3753 794 3825 fuerit,
820 3754 875 3831 qui
899 3754 1059 3814 rarissime
1082 3772 1183 3831 usque
1200 3754 1239 3812 ad
1257 3754 1316 3813 sol·

248 3858 372 3919 stitium
388 3860 575 3937 pertinebat,
593 3860 678 3920 diem
695 3860 847 3921 ultimum
864 3861 931 3921 eius
947 3861 981 3920 in
993 3848 1164 3920 solstitium
1178 3859 1315 3920 incidere

248 3986 305 4026 nec
329 3966 502 4028 Fritzschio
526 3987 650 4028 sumere
673 3968 765 4028 licere
789 3986 891 4046 neque
915 3966 1091 4027 Hesiodum
1117 3965 1177 4026 sibi
1200 3966 1315 4042 fingere

248 4073 388 4151 potuisse
405 4074 485 4148 dico,
503 4074 529 4136 si
546 4075 616 4153 quis
633 4075 677 4135 ita
690 4081 833 4135 accurate
846 4081 1017 4152 computet,
1032 4081 1068 4133 ut
1080 4073 1147 4132 dies
1160 4077 1313 4132 numeret.
