3225 5034
691 426 868 486 ..29-

247 605 351 667 lunari
373 607 555 666 Graecorum
572 604 752 665 communis
769 605 866 665 luisse
882 604 1018 664 uidetur.
1055 604 1244 665 Lenaeonem
1261 623 1313 665 au·

247 719 314 773 tem
330 731 455 791 semper
470 711 607 772 eundern
624 716 719 789 atque
736 711 955 772 Gamelionem
972 711 1070 772 fuisse
1083 717 1167 771 certo
1179 716 1312 772 constat.

354 819 405 879 Ad
436 826 632 897 postremum
668 836 771 878 annus
794 817 904 878 solaris
927 817 1066 891 asianus,
1091 817 1146 895 qui
1170 837 1314 878 mensem

247 927 399 987 Lenaeum
433 925 539 998 habet,
565 924 702 985 breuiter
725 923 1025 985 commemorandus
1049 929 1105 985 est.
1152 923 1313 1002 quomodo

246 1033 412 1094 institutus
446 1033 497 1105 sit,
532 1032 614 1111 lapis
647 1030 824 1091 Prienensis
860 1049 945 1090 nune
975 1048 1033 1091 nos
1056 1029 1158 1102 docet,
1183 1031 1222 1091 de
1249 1048 1313 1108 quo

247 1158 312 1200 una
346 1158 420 1200 eum
445 1139 554 1200 ceteris
585 1135 696 1211 titulis,
721 1137 778 1215 qui
801 1136 842 1197 ad
865 1155 932 1197 rem
956 1137 1125 1216 pertinent,
1151 1137 1312 1198 decretum

246 1247 414 1307 restituens
449 1245 627 1324 disputauit
662 1244 719 1305 Th.
746 1245 936 1319 Mommsen,
960 1243 1035 1305 Ath.
1061 1243 1166 1305 Mitth.
1191 1244 1311 1316 XXIV,

248 1353 312 1414 270
335 1371 403 1430 sqq.
451 1352 503 1412 hic
527 1352 608 1430 lapIs
633 1370 696 1411 non
720 1370 757 1411 ea
780 1351 913 1412 nomina
937 1350 1097 1411 mensium
1118 1350 1224 1423 habet,
1241 1369 1312 1428 quae

248 1458 499 1536 hemerologium
537 1456 742 1519 florentinum
775 1458 902 1518 Asianis
936 1456 1074 1530 ascribit,
1110 1459 1165 1518 sed
1205 1467 1313 1518 uetera

246 1566 451 1626 macedonica
488 1564 559 1642 (Dio
595 1572 736 1643 excepto,
773 1565 828 1643 qui
866 1557 989 1645 Καῖσαρ
1017 1561 1216 1646 appellatur),
1241 1583 1312 1642 quae

245 1672 330 1733 hem.
367 1671 399 1732 fl.
432 1672 586 1750 Ephesios
621 1670 770 1732 habuisse
799 1671 905 1731 tradit.
953 1690 1045 1750 porro
1069 1671 1190 1744 titulus,
1215 1691 1311 1749 quem

246 1779 347 1840 Wood
383 1778 484 1839 edidit
518 1778 641 1839 DIscov.
678 1784 711 1839 at
745 1778 892 1857 Ephesus
927 1780 1009 1857 app.v
1026 1779 1056 1851 6,
1081 1798 1112 1837 n.
1141 1780 1156 1837 l
1182 1780 1230 1838 eol
1256 1778 1309 1850 vi,

246 1884 303 1946 ubi
336 1885 357 1946 l.
395 1884 434 1946 77
461 1885 528 1946 dies
556 1885 706 1945 delinitur
729 1893 761 1945 et
785 1885 840 1954 πρὸ
864 1879 893 1966 η’
920 1877 1090 1942 Καλανδῶν
1116 1877 1258 1963 Μαρτίων
1281 1894 1312 1945 et

247 1993 341 2074 μηνὸς
369 1987 631 2072 Ἀνθεστηριῶνος
656 1986 694 2069 β’,
719 1992 779 2052 hoc
802 2009 929 2069 quoque
952 2009 1071 2051 nomen
1095 1997 1186 2052 uetus
1209 1991 1312 2070 Ephe·

245 2099 308 2160 sios
346 2104 416 2158 tum
455 2099 622 2159 retinuisse
660 2117 717 2159 nos
756 2097 857 2171 docet,
898 2096 983 2175 quod
1021 2098 1106 2157 bem.
1143 2097 1174 2157 fl.
1211 2098 1309 2158 abest.

246 2206 360 2266 titulus
383 2225 449 2265 non
472 2211 545 2266 ante
568 2205 731 2265 Tiberium
748 2205 945 2283 insculptum
961 2222 1028 2265 esse
1045 2203 1242 2265 demonstrat
1258 2225 1311 2265 no·

245 2331 319 2372 men
344 2313 516 2390 πρυτάνεως
540 2304 606 2390 Ττβ.
628 2305 685 2372 Κλ,
704 2307 905 2390 Ἀντιπάτρου
921 2305 1101 2370 Ἰουλιανον.
1119 2311 1194 2371 lasti
1210 2312 1311 2372 asiani

245 2426 333 2489 sunt;
369 2438 444 2478 nam
480 2419 497 2478 I
542 2418 639 2478 Auth.
676 2426 724 2479 est
753 2438 781 2478 a.
806 2420 837 2479 d.
863 2418 921 2479 IX.
967 2417 1039 2478 Kal.
1065 2418 1156 2478 Mart.
1183 2418 1310 2479 maioris

245 2525 400 2585 momenti
435 2526 528 2586 noble
563 2532 611 2586 est
645 2544 794 2603 quaerere,
819 2524 980 2603 quomodo
1003 2525 1037 2583 in
1061 2542 1135 2585 suos
1158 2542 1230 2603 post
1253 2526 1310 2585 sol·

244 2632 368 2693 stitium
403 2633 487 2693 locos
517 2632 662 2692 uenerint
685 2650 811 2692 menses
834 2631 944 2702 asiani,
970 2631 1025 2709 qui
1049 2638 1156 2691 uetera
1179 2632 1311 2692 nomina

246 2739 373 2799 habent.
421 2758 497 2798 nam
533 2738 709 2799 secundum
738 2738 821 2798 bem.
860 2737 891 2798 fl.
916 2737 1049 2798 Posideo
1072 2757 1091 2797 a
1114 2737 1165 2797 die
1189 2738 1307 2798 XXIV.

246 2844 317 2906 Dee.
354 2853 385 2905 et
411 2845 543 2905 Lenaeus
567 2865 586 2905 a
609 2845 660 2904 die
683 2845 803 2906 XXIV.
851 2846 919 2905 lan.
945 2844 1071 2922 incipit;
1097 2845 1309 2905 Anthesterio·

246 2971 319 3011 nem
354 2951 394 3011 ab
423 2972 450 3011 a.
476 2952 507 3012 d.
532 2952 589 3012 IX.
637 2952 708 3012 Kal.
735 2953 825 3012 Mart.
851 2951 1005 3030 incepisse
1029 2950 1197 3012 uidimus..
1229 2952 1308 3012 ela·

244 3058 318 3137 pide
353 3057 513 3119 Prienensi
549 3059 702 3120 discimus
727 3065 847 3119 ueteres
871 3060 969 3119 fastos
992 3058 1027 3118 in
1049 3077 1150 3118 nouos
1173 3059 1219 3119 ita
1242 3078 1308 3119 mu·

243 3169 326 3225 tatos
350 3183 426 3238 esse,
450 3172 487 3226 ut
509 3165 624 3226 Peritio
643 3166 709 3227 dies
726 3165 802 3226 XIV
820 3172 947 3226 tantum
963 3165 1114 3225 darentur
1129 3173 1160 3225 et
1176 3165 1309 3244 Dystrus

244 3291 271 3330 a.
320 3270 350 3331 d.
395 3272 451 3332 IX.
492 3273 563 3333 Kal.
602 3271 692 3333 Febr.
732 3273 885 3351 inciperet
895 3268 926 3353 1).
986 3273 1146 3349 quaeritur,
1193 3273 1308 3333 festine

353 3426 371 3494 1)
388 3429 501 3494 Incepit
519 3442 586 3495 ergo
606 3435 769 3496 postremus
789 3429 898 3481 mensis
911 3428 1017 3480 lunaris
1030 3444 1047 3480 a
1060 3428 1106 3480 die
1119 3429 1156 3480 X.
1167 3429 1237 3493 Ian„
1251 3429 1308 3494 qui,

244 3531 309 3569 curn
329 3517 375 3568 his
394 3518 573 3584 temporibus
592 3524 651 3571 tres
670 3520 732 3570 dies
746 3518 931 3571 intercalares
944 3518 1083 3569 mendose
1096 3518 1187 3570 additi
1202 3525 1308 3583 essent,

243 3621 275 3657 re
303 3620 372 3658 uera
400 3607 462 3658 dies
482 3608 544 3659 VH.
564 3608 623 3660 Ian.
645 3614 698 3659 est.
717 3608 853 3672 quoniam
873 3607 1006 3672 Peridus,
1025 3608 1134 3658 mensis
1153 3607 1272 3669 lunaris,
1292 3623 1309 3658 a

244 3695 393 3747 nouilunio
413 3696 474 3748 iere
493 3697 620 3763 incipere
639 3696 727 3748 debet
745 3702 774 3748 et
792 3696 861 3747 lasti
880 3696 972 3747 asiani
991 3711 1050 3747 non
1068 3700 1136 3748 ante
1156 3696 1191 3748 10
1202 3712 1227 3747 a.
1241 3696 1307 3748 Chr.

243 3799 272 3837 n.
300 3799 394 3849 neque
419 3786 510 3838 multo
529 3791 596 3851 post
614 3784 631 3837 5
649 3802 674 3837 a.
694 3785 761 3837 Chr.
780 3802 808 3836 n.
828 3785 954 3836 instituti
974 3790 1050 3851 sunt,
1069 3787 1123 3838 hae
1142 3801 1173 3837 re
1192 3787 1308 3851 diligen·

243 3873 302 3924 tius
329 3873 444 3925 definiri
463 3879 567 3941 potest,
586 3890 642 3939 quo
661 3891 738 3926 anno
757 3874 825 3926 fasti
845 3874 947 3925 mutati
967 3874 1033 3925 sint.
1071 3875 1234 3926 Mommsen
1252 3874 1270 3926 l.
1290 3875 1307 3926 l.

244 3962 366 4014 coniecit
384 3963 401 4013 9
420 3978 444 4014 a.
465 3962 530 4015 Obr.
550 3980 587 4029 n.,
607 3964 683 4029 quod
702 3964 764 4016 fieri
783 3979 843 4014 non
861 3968 964 4029 potest,
979 3964 1045 4028 quia
1059 3965 1239 4015 nouilunium
1253 3964 1307 4015 hoc

243 4065 319 4103 anno
339 4050 386 4102 die
405 4052 513 4105 XXIV.
550 4053 610 4104 Ian.
631 4058 699 4104 erat.
721 4052 755 4104 10
773 4068 797 4104 a.
817 4051 883 4104 Chr.
897 4069 925 4104 n.
939 4053 1120 4105 nouilunium
1134 4060 1196 4105 erat
1213 4053 1259 4103 die
1274 4053 1307 4104 V.

243 4138 311 4198 Ian,
332 4140 464 4192 sedtum
484 4141 600 4193 Paullus
620 4141 749 4193 nondum
767 4141 798 4193 in
819 4141 887 4194 Asia
906 4157 970 4194 esse
987 4142 1090 4207 potuit,
1112 4158 1200 4207 quare
1213 4156 1307 4193 annus
