3225 5034
761 359 915 423 ..g..

303 537 459 617 proelium
484 536 534 598 die
561 536 630 596 VII.
658 536 790 596 Panemi
806 535 953 597 habitum
970 555 1037 597 esse
1052 536 1145 609 dixit,
1162 537 1247 597 diem
1264 542 1371 597 autem

302 645 436 705 atticum
461 643 501 703 ad
524 643 641 707 festum
659 643 801 704 uictoriae
817 661 913 708 causa
928 647 1035 704 actum
1053 644 1208 721 pertinere
1224 642 1371 722 sumpsit,

303 750 389 828 quod
425 769 499 811 oum
532 748 587 815 die
622 767 738 828 pugnae
769 768 834 810 non
858 749 1059 822 consentiret,
1083 769 1280 827 quamquam
1304 750 1374 810 Plu·

303 857 433 931 tmchus
455 856 488 916 id
514 855 708 917 credidisset.
756 856 817 919 hoc
840 863 950 934 postea
966 856 1099 934 paulum
1114 857 1302 917 immutauit
1317 856 1370 928 ita,

304 969 342 1025 ut
375 963 459 1023 diem
498 963 676 1030 boeoticum
708 981 835 1040 quoque
858 963 899 1022 ad
924 963 1017 1023 ferias
1041 963 1182 1023 uictoriae
1204 964 1305 1040 gratia
1327 964 1371 1023 in·

305 1080 433 1153 stitutas
460 1079 616 1157 pertinere
640 1084 671 1138 et
694 1096 837 1156 pugnam
860 1078 971 1157 paucis
995 1077 1204 1140 diebus-ante
1227 1079 1373 1140 commis·

303 1205 372 1248 sam
408 1204 474 1247 esse
510 1185 627 1246 diceret
660 1180 733 1265 (Zur
769 1185 958 1247 Gesohichte
994 1185 1049 1245 der
1068 1185 1294 1263 'Mondcyklen
1318 1185 1373 1246 der

302 1293 460 1354 Hellenen
483 1313 513 1372 p.
540 1291 592 1366 67,
617 1293 657 1353 ci.
683 1311 733 1370 op:
761 1292 838 1352 min.
865 1292 921 1365 IV,
946 1312 976 1370 p.
1003 1293 1044 1353 88
1061 1312 1134 1353 ann.
1155 1289 1195 1371 2).
1221 1294 1373 1372 quamob-

303 1419 372 1460 rem
405 1400 488 1460 hano
523 1398 647 1460 dierum
683 1399 956 1477 comparationem
984 1400 1104 1460 nullius
1128 1419 1195 1460 esse
1219 1398 1374 1460 momenti

304 1506 475 1568 contendit.
523 1506 765 1575 meminerimus
800 1512 907 1567 autem
941 1513 1062 1567 ueteres
1086 1507 1119 1567 in
1144 1507 1309 1568 mensibus
1332 1506 1372 1566 ad

303 1633 449 1674 normam
484 1613 569 1673 lunae
603 1612 766 1690 exigendis
801 1630 885 1690 saepe
912 1613 1161 1690 negligentiores
1194 1614 1307 1682 fuisse3
1332 1614 1370 1673 cf.

302 1740 400 1800 supra
422 1741 453 1799 p.
477 1721 495 1779 2
513 1739 550 1797 sq
566 1725 597 1779 et
612 1724 764 1798 praeterea
780 1720 918 1779 Aristox.
937 1720 1027 1779 elem.
1046 1720 1147 1780 barm.
1166 1721 1245 1797 Hp.
1265 1718 1307 1779 30
1323 1717 1369 1779 ed.

304 1829 418 1889 Meurs.
454 1827 581 1888 etiamsi
611 1825 742 1898 Idelero,
768 1826 825 1904 qui
848 1825 995 1888 Chronol.
1022 1826 1038 1886 I
1061 1846 1091 1904 p.
1120 1826 1181 1887 257
1207 1845 1279 1884 ann.
1306 1824 1370 1883 fieri

303 1953 395 2014 posse
424 1934 563 2012 negauit,
588 1940 624 1992 ut
648 1932 734 2011 apud
758 1933 915 2011 populum
939 1951 1076 2010 graecum
1100 1932 1229 1993 initium
1254 1929 1370 1990 mensis

302 2061 323 2101 a
359 2041 525 2101 nouilunio
549 2039 973 2117 quinquediesaberraret,
998 2039 1059 2100 hoc
1082 2037 1295 2109 concedimus
1320 2036 1372 2096 hic

304 2149 426 2208 minore
450 2147 631 2207 differentia
654 2165 735 2224 opus
758 2152 815 2206 est.
840 2146 867 2206 si
891 2147 976 2206 enim
1000 2147 1034 2206 in
1058 2145 1200 2204 medinm
1225 2143 1311 2203 diem
1327 2144 1372 2202 in·

303 2262 351 2315 ter
374 2254 494 2333 primos
514 2253 753 2314 Boddromionis
769 2259 801 2313 et
816 2252 1012 2313 Pamboeotii
1029 2251 1232 2312 nouilunium
1248 2250 1370 2320 incidit,

303 2381 369 2422 non
392 2361 530 2439 amplius
554 2379 651 2438 quam
676 2366 827 2437 quattuor
850 2359 917 2420 dies
941 2359 981 2418 ab
997 2358 1088 2418 initio
1104 2357 1270 2435 utriusque
1288 2375 1372 2416 men·

303 2469 346 2529 sis
381 2468 492 2529 abfuit.
522 2467 637 2527 etiam
673 2467 777 2536 minor
812 2466 991 2527 differentia
1025 2464 1069 2537 fit,
1106 2464 1133 2525 si
1169 2483 1226 2542 pro
1253 2459 1373 2541 τετράδι

305 2576 388 2655 τρίτῃ
420 2574 602 2653 probamus.
650 2574 757 2651 itaque
793 2574 898 2651 Unger
931 2572 1021 2632 ench.
1048 2571 1173 2633 Mtilleri
1197 2564 1227 2630 1²
1251 2590 1281 2648 p.
1310 2569 1373 2630 734

304 2702 367 2743 non
393 2682 510 2741 mirum
534 2671 602 2742 esse
626 2681 703 2741 dicit
727 2680 791 2742 479
816 2700 844 2741 a.
870 2680 942 2740 Chr.
968 2680 1000 2738 n'.
1026 2678 1089 2738 diei
1113 2678 1168 2738 IV.
1194 2672 1281 2757 (III.)
1301 2677 1375 2759 Boti-

305 2788 479 2850 dromionis
503 2788 639 2853 XXVII.
666 2787 753 2848 diem
777 2787 909 2847 Panemi
933 2785 1142 2865 respondisse.
1168 2804 1240 2845 cum
1266 2790 1374 2842 autem

304 2895 456 2956 Boeckhii
474 2896 636 2955 sententia
659 2915 715 2973 per
738 2913 771 2954 se
794 2894 977 2954 uerisimilis
999 2893 1052 2965 sit,
1077 2892 1164 2952 huno
1183 2891 1289 2950 locum
1310 2908 1374 2947 am·

304 3002 438 3081 biguum
473 3020 539 3063 esse
571 3001 738 3062 fatendum
764 3005 820 3060 est.
868 2999 895 3060 si
919 2999 947 3059 ei
971 2998 1172 3068 assentimur,
1197 2996 1248 3056 cui
1272 2996 1374 3055 mensi

304 3110 462 3170 Panemus
497 3108 703 3188 responderit,
740 3126 804 3166 non
840 3106 955 3182 liquet;
981 3103 1096 3181 quodsi
1121 3121 1232 3162 uerum
1257 3102 1374 3162 Plutar-

304 3218 389 3291 chus⁸
407 3216 538 3279 tradidit
562 3223 593 3276 et
616 3215 684 3276 dies
708 3214 831 3292 primus
855 3210 1052 3272 Pamboeotii
1074 3210 1108 3270 in
1127 3210 1197 3269 VII.
1216 3210 1266 3269 uel
1285 3209 1373 3268 VIII-

305 3323 545 3385 Boddromionis
590 3321 711 3394 incidit,
757 3318 981 3380 Pamboeotius
1020 3317 1117 3377 XXII
1153 3315 1219 3376 dies
1251 3316 1374 3387 saltem,

306 3432 333 3492 si
350 3430 538 3490 Boedromio
555 3448 652 3490 cauus
669 3434 700 3488 et
715 3428 874 3488 Panemus
888 3427 1002 3504 plenus
1014 3431 1090 3497 erat,
1104 3430 1169 3496 aut,
1184 3423 1210 3483 si
1222 3423 1250 3483 is
1262 3422 1375 3500 plenus

305 3543 337 3599 et
359 3537 517 3598 Panemus
541 3555 639 3597 cauus
663 3541 739 3608 erat,
764 3534 874 3595 XXIV
897 3532 964 3592 dies
981 3530 1220 3593 Boiidromionis
1237 3547 1375 3606 compre-

305 3644 475 3716 hendebat,
510 3649 545 3703 ut
572 3643 730 3703 Panemus
755 3639 976 3718 Metagitnioni
999 3643 1031 3699 et
1054 3635 1277 3697 Pamboeotius
1301 3635 1374 3695 Boii·

306 3751 464 3811 dromioni
499 3749 710 3828 responderet,
748 3748 833 3826 quod
867 3766 941 3808 cum
976 3745 1067 3806 tastis
1102 3742 1255 3818 congruit,
1296 3760 1376 3819 quos

307 3858 449 3919 Bischoff
472 3857 647 3935 proposuit.
912 3864 914 3869 ’

412 3964 481 4023 Hos
505 3981 596 4051 ueros
620 3981 686 4024 esso
710 3981 727 4022 e
751 3956 912 4040 lapidibus
936 3958 1123 4034 colligimus.
1149 3956 1183 4015 in
1204 3956 1297 4016 titulo
1314 3926 1376 4015 del-

306 4072 400 4150 phico
425 4070 721 4131 Weschcrllouoart
741 4069 838 4128 inser.
857 4086 915 4127 rec.
935 4063 1106 4141 aDclphes
1125 4062 1187 4123 207
1207 4087 1247 4112 =
1265 4063 1376 4122 Collitz
