3225 5034
759 365 960 437 5156-

152 559 307 623 Lxmv‘
433 541 499 613 Lex
522 547 753 614 Iobaoehorum
778 551 853 614 Ath.
878 551 984 614 Mitth.
1009 552 1099 626 XIX,
1125 552 1188 613 249
1213 571 1281 632 sqq.

430 661 449 720 l.
483 661 545 720 126
573 655 608 726 ὃς
631 655 656 717 δ’
682 654 719 718 ἂν
743 664 799 718 τῶν
822 652 977 739 ἰοβάκχων
1001 658 1086 741 λάχη
1109 657 1224 742 κληρον
1246 652 1266 741 ἢ
1291 660 1394 741 τειμὴν

322 760 342 846 ἢ
378 763 469 840 τάξιν,
505 765 615 826 τιθέτιο
650 772 711 833 τοῖς
746 759 909 846 ἰοβάκχοις
932 762 1061 847 σπονδὴν
1084 759 1170 836 ἀξίαν
1194 773 1249 849 της
1271 763 1393 846 τάξεως,

323 874 436 955 γάμων,
461 876 638 955 γεννήσεως,
662 879 753 954 χοῶν,
779 867 935 956 ἐφηβείας.

536 980 664 1059 Nuptiae
687 980 804 1042 Bacchi
827 986 859 1042 et
881 981 1010 1060 reginae;
1035 1000 1161 1060 gerarae.

165 1106 306 1160 LXXXV
431 1088 612 1166 Hesychius

429 1190 575 1255 Διονίσοο
608 1195 716 1275 γάμος·
748 1201 803 1276 της
826 1202 877 1254 τοῦ
902 1192 1053 1273 βασιλέως
1076 1196 1217 1272 γοναιιιὸς
1240 1195 1293 1254 καί
1316 1194 1393 1254 θεοῦ

323 1294 435 1378 γίνεται
459 1301 565 1383 γάμος.

148 1429 303 1482 LXXXVI
411 1409 596 1471 Aristoteles
619 1406 688 1470 πολ.
715 1403 789 1470 Ἀθ.
816 1409 875 1483 3,5
900 1404 964 1490 (p.
993 1409 1065 1484 118,
1093 1405 1167 1491 121)

427 1509 443 1575 ὁ
478 1516 533 1597 μέν
569 1513 714 1594 βασιλεὺς
749 1508 814 1595 εἶχε
850 1514 882 1574 τὸ
913 1523 962 1575 νῦν
985 1514 1173 1596 καλοίμενον
1197 1510 1391 1576 Βοοιιολεῐον.

301 1620 446 1705 -πληοίον
482 1631 533 1682 τοῦ
568 1623 756 1702 πρυτανείου.
803 1628 927 1704 σημεῖον
958 1619 1001 1681 δέ·
1039 1618 1082 1681 ἐ’τι
1104 1623 1159 1681 οιαὶ
1182 1628 1232 1682 νῦν
1255 1623 1314 1704 γὰρ
1338 1631 1393 1706 της

320 1735 371 1789 τοι)
396 1727 546 1808 βασιλέως
570 1729 711 1806 γοναινιὸς
733 1722 752 1811 η
777 1725 934 1810 σι’)μμειξις
959 1723 1095 1789 ἐνταῦθα
1118 1722 1248 1806 γίγνεται
1264 1737 1304 1809 τῷ
1320 1725 1393 1790 Διο-

320 1835 399 1915 νίνσῳ
423 1831 486 1918 [καί
510 1830 526 1896 ὁ
549 1834 666 1915 γάμοςγ.

427 1942 444 1994 l.
463 1940 481 1994 4
500 1940 556 1994 del,
576 1939 753 1993 Rutherford
772 1944 802 1993 et
820 1939 915 1993 Hude.

131 2072 300 2126 Lxxxvn
428 2049 677 2131 [Demosthenes]
712 2051 747 2112 in
782 2051 926 2112 Neaeram
963 2051 983 2128 ξ
1020 2050 1060 2112 73
1085 2070 1155 2131 sqq.
1180 2079 1221 2104 =
1246 2073 1277 2132 p.
1305 2054 1388 2115 1369

319 2178 387 2239 sqq.
413 2155 456 2240 (p.
482 2159 533 2220 60.
562 2158 634 2232 107,
662 2158 734 2232 119,
763 2158 838 2235 121)

425 2266 477 2325 οιαὶ
513 2259 588 2349 αίιτη
613 2260 633 2348 η
658 2265 729 2347 γονη
754 2257 822 2345 ίηιῐν
847 2261 920 2324 ἔθοε
945 2264 982 2324 τὰ
1006 2260 1124 2348 ἄρρητα
1148 2260 1214 2347 ἱερὰ
1238 2260 1311 2347 θιιὲρ
1333 2274 1387 2350 της

318 2368 448 2442 πόλεως,
484 2372 538 2432 καί
573 2366 661 2443 εἶδεν,
686 2369 706 2430 ἂ
730 2363 765 2431 οἰ)
789 2378 940 2454 προσῆκεν
964 2364 1056 2454 αίντην
1080 2367 1152 2452 ὁρᾶν
1176 2370 1262 2456 ξένην
1285 2368 1387 2448 οὖσαν,

318 2480 371 2539 καί
406 2480 528 2562 τοιαοτη
564 2474 640 2539 οὖσα
665 2472 820 2561 είοηλθεν,
844 2473 874 2539 οἱ
896 2471 995 2548 οὐδεὶς
1019 2475 1115 2549 ἄλλος
1139 2476 1316 2564 Ἀθηναίων
1339 2500 1389 2541 το-

319 2586 430 2647 σοίντων
454 2582 544 2648 ὄντων
569 2580 740 2668 εἰσέρχεται
764 2580 835 2645 ἀλλ’
860 2581 879 2668 ἢ
903 2606 922 2669 η
947 2593 997 2647 τοι)
1022 2586 1172 2665 βασιλέως
1196 2590 1279 2671 γονη,
1298 2583 1389 2668 ἐξωρ-

317 2696 399 2755 νιωσέ
434 2714 465 2754 τε
501 2694 555 2763 τὰς
581 2693 714 2775 γεραρὰς
737 2693 792 2762 τὰς
816 2687 1024 2776 ὑπηρετοίοας
1047 2701 1109 2762 τοῖς
1132 2687 1232 2775 ἱεροῖς,
1259 2690 1389 2777 ἐξεδόθη

319 2798 351 2861 δὲ
379 2809 419 2882 τῷ
442 2797 576 2881 Διονίισιρ
599 2804 682 2885 γονη,
707 2796 818 2881 ἔπραξε
843 2796 875 2860 δὲ
899 2793 973 2880 ίπέρ
997 2808 1051 2885 της
1075 2794 1193 2871 πόλεως
1216 2801 1252 2860 τὰ
1276 2804 1389 2883 πάτρια

318 2909 355 2968 τὰ
390 2909 465 2990 πρὸς
500 2908 568 2978 τοὺς
602 2908 707 2986 θεοίις,
742 2906 921 2969 παλλακαὶ
946 2902 1018 2984 ἅγια
1041 2909 1093 2969 οιαὶ
1118 2904 1285 2993 ἀπόρρητα.
1310 2907 1330 2970 ἃ
1354 2906 1388 2969 δὲ

318 3012 389 3099 μηδ’
426 3011 557 3077 ἀκοῦσαι
584 3024 674 3076 πᾶσιν
703 3009 763 3075 οἷον
788 3012 811 3074 τ’
838 3010 911 3085 ἐστί,
936 3006 1000 3083 πῶς
1022 3018 1146 3097 ποιησαί
1170 3035 1203 3093 γε
1227 3024 1263 3098 τη
1288 3012 1388 3077 ἐπιτο-

317 3123 416 3205 χοίιση
440 3117 572 3203 εὐσεβῶς
593 3119 669 3205 ἔχει,
687 3118 791 3189 ἄλλως
806 3141 837 3181 τε
853 3121 907 3182 καί
923 3122 1045 3203 τοιαίνιη
1062 3123 1179 3198 γυναικί
1195 3124 1247 3183 καὶ
1263 3130 1387 3184 τοιαῦτα

319 3226 394 3311 ἔργα
429 3227 687 3313 διατετραγμένη;
723 3263 1253 3274 ————————
1278 3232 1320 3295 75
1343 3266 1387 3274 -

316 3372 361 3383 -
398 3373 438 3382 -
474 3339 525 3421 την
550 3335 583 3398 δὲ
602 3331 735 3415 Ιγοναῖιια
759 3330 850 3397 αὐτοῦ
873 3340 962 3418 νόμον
986 3332 1093 3397 ἔθεντο
1117 3332 1211 3420 ἀοι-ην
1235 3332 1387 3398 εἶναικαὶ
1474 3415 1478 3422 ¹

318 3446 358 3528 μὴ
395 3440 646 3528 ἐπιμεμειγμένην
677 3438 769 3524 ἑτέρῳ
793 3440 888 3524 ἀνδρί,
912 3438 996 3503 ἀλλὰ
1018 3439 1171 3525 παρθένον
1195 3453 1313 3525 γαμεῖν,
1336 3439 1387 3506 ἵνα

316 3553 397 3613 κατὰ
431 3553 468 3613 τὰ
502 3555 614 3632 πάτρια
642 3551 755 3634 θίιηται
783 3551 820 3612 τὰ
849 3548 967 3634 ἄρρητα
991 3546 1058 3632 ἱερὰ
1082 3545 1156 3633 ὑπὲρ
1180 3559 1234 3636 της
1257 3551 1385 3624 πόλεως,

316 3661 370 3721 καί
404 3659 441 3720 τὰ
476 3661 656 3742 νομιζόμενα
690 3653 825 3741 γίγνηται
849 3665 911 3726 τοῖς
937 3657 1025 3727 θεοῖς
1049 3652 1189 3737 εὐσεβῶς,
1214 3659 1268 3719 καί
1291 3657 1385 3743 μηδὲν

316 3765 506 3850 νιαταλίνηται
542 3763 618 3849 μηδὲ
653 3774 878 3849 καινοτομῆται.
927 3767 969 3830 76
1003 3766 1057 3826 καὶ
1091 3769 1192 3828 τοῦτον
1223 3768 1272 3827 τὸν
1295 3760 1385 3850 νόμον

317 3875 487 3956 γράψαντες
510 3870 540 3934 ἐν
565 3872 662 3958 στηλη
686 3867 790 3954 λιθίνῃ
814 3870 943 3956 ἔστησαν
967 3868 998 3933 έν
1023 3882 1062 3954 τῷ
1087 3867 1156 3955 ἱερῷ
1172 3877 1224 3935 τοῦ
1239 3870 1385 3935 Διονίιοοο

316 3981 400 4062 παρὰ
434 3981 483 4042 τὸν
507 3981 606 4063 βωμὸν
630 3976 661 4042 ἐν
685 3974 819 4064 Λίμναις
841 3976 904 4062 (καί
929 3973 1005 4063 αὕτη
1028 3975 1047 4065 ἡ
1072 3980 1168 4065 οτηλη
1192 3977 1235 4040 ἔτι
1257 3981 1311 4041 οιαὶ
1334 3985 1383 4043 νῦν

318 4084 453 4174 ἕστηκεν,
489 4083 634 4171 ἀμυδροῖς
668 4090 842 4172 γράμμασιν
877 4083 1009 4156 ἀττινιοῖς
1032 4084 1168 4171 δηλοῦσα
1192 4087 1228 4147 τὰ
1251 4107 1383 4173 γεγραμ-
