3225 5034
684 368 792 455 -ss

237 579 348 652 gustus
383 574 562 634 Mommsen
591 592 718 633 summa
742 592 817 634 cum
840 572 1019 633 constantia
1041 578 1225 651 persecutus
1248 577 1304 634 est

237 676 359 759 (Heort.
395 682 437 740 44
468 699 537 758 sqq,
562 680 644 740 Fest.
671 679 744 739 Ath.
772 679 846 750 356,
872 678 946 751 375,
973 678 1034 742 387
1060 675 1139 760 sqq).
1189 678 1229 739 de
1253 679 1307 741 Le·

236 786 314 848 naeis
349 786 516 847 oblocutus
546 794 594 847 est
617 785 740 847 Gilbert
763 806 794 865 p.
821 786 863 846 39
887 805 960 863 sqq3
986 804 1059 846 cum
1083 786 1110 846 is
1134 793 1242 846 autem
1266 785 1306 847 de

236 893 434 972 temporibus
458 894 538 953 falsa
562 893 753 971 protulisset,
778 893 932 970 originem
956 899 988 952 et
1011 898 1158 954 naturam
1178 911 1306 971 quoqua

235 1000 387 1060 feriarum
422 1000 509 1060 haud
544 1007 627 1060 recte
657 999 907 1078 comprehendit.
956 999 1167 1060 Authesteriis
1191 1000 1305 1060 uiuum

235 1125 358 1167 nouum
393 1114 612 1168 consecratum
646 1125 714 1167 esse
737 1106 814 1167 satis
838 1111 970 1177 constat,
996 1106 1149 1184 Dionysia
1172 1105 1306 1184 agrestia

236 1218 267 1275 et
302 1214 414 1274 Lenaea
448 1213 621 1274 uindemiae
656 1232 751 1274 causa
785 1220 857 1273 acta
891 1231 958 1273 esse
994 1199 1120 1273 Boeokh
1145 1213 1305 1292 plerisque

234 1321 400 1399 persuasit.
448 1339 644 1397 quamquam
674 1320 738 1379 iam
763 1320 942 1381 Mommsen
966 1320 1076 1380 Heort.
1103 1320 1166 1381 325
1191 1338 1250 1398 sqq
1274 1324 1305 1382 at

236 1427 359 1488 Gilbert
390 1447 420 1505 p.
445 1428 488 1487 40
511 1432 656 1505 tempora
679 1446 742 1486 nou
768 1427 938 1487 conuenire
962 1427 1211 1504 explicaueruut,
1236 1427 1305 1488 hoeo

235 1534 390 1594 sententia
414 1534 584 1594 refutanda
606 1539 663 1605 est,
688 1541 861 1611 antequam
885 1534 977 1612 plura
1000 1532 1212 1612 disputamus,
1230 1553 1305 1596 oum

234 1641 331 1717 uulgo
354 1640 488 1718 probata
512 1642 562 1701 sit.

249 1898 358 2003 Ouae-
376 1902 478 1971 ratio
502 1901 606 1971 inter
628 1901 816 1991 Dionysia
842 1902 885 1972 et
908 1902 1147 1972 uindemiam
1171 1900 1288 1971 inter·

591 2009 722 2090 cedat,
747 2009 945 2098 quaeritur.

340 2174 411 2235 Hac
445 2175 478 2234 in
513 2195 546 2234 re
581 2175 620 2235 de
655 2183 796 2253 tempore
832 2175 1004 2235 uindemiae
1039 2175 1150 2253 agitur,
1181 2193 1253 2253 quae
1275 2174 1304 2236 si

231 2281 357 2359 longius
392 2301 410 2341 a
445 2282 534 2342 festis
556 2265 667 2353 abest,
703 2283 764 2342 alia
789 2301 885 2343 causa
907 2283 947 2343 iis
970 2282 1142 2360 quaerenda
1164 2287 1219 2342 est.
1267 2285 1304 2341 ut

232 2388 345 2449 Ieuaea
374 2388 414 2448 ad
438 2388 636 2448 uindemiam
661 2390 775 2449 referre
799 2391 909 2467 possit,
935 2390 1060 2451 Boeckh
1085 2410 1116 2468 p.
1144 2389 1206 2449 136
1230 2407 1303 2449 eam

232 2495 365 2555 dilatam
396 2513 463 2555 esse
488 2495 565 2555 dicit
588 2504 618 2555 et
642 2496 703 2555 hoc
726 2496 913 2557 confirmare
937 2502 1069 2557 conatur
1092 2496 1239 2574 exemplo
1263 2514 1303 2556 ex

231 2601 398 2678 Hungaria
431 2602 540 2680 petito,
577 2601 633 2662 ubi
670 2602 745 2663 locis
768 2602 963 2680 quibusdam
987 2604 1019 2663 in
1045 2604 1142 2663 finem
1166 2602 1302 2663 Nouam·

231 2707 297 2768 bris
320 2708 369 2768 uel
395 2708 523 2768 initium
549 2709 732 2770 Decembris
756 2709 881 2770 decreto
904 2710 985 2788 regis
1002 2709 1100 2770 dilata
1116 2715 1163 2771 est
1178 2705 1209 2789 ¹).
1246 2707 1302 2770 sed

230 2816 337 2893 potius
372 2816 554 2876 testimonia
590 2817 779 2895 scriptorum
805 2823 949 2877 ueterum
974 2816 1204 2877 consideranda
1226 2821 1303 2878 sunt

231 2941 328 2999 quam
353 2922 537 3000 exemplum
561 2923 772 3001 longinquum
797 2930 829 2983 et
849 2924 925 2985 satis
942 2925 1073 2985 unicum
1090 2922 1300 2997 afferendum,

230 3033 267 3090 ut
300 3029 443 3107 opinatio
477 3036 635 3107 praecepta
670 3034 829 3108 probetur.
878 3030 1038 3091 Hesiodus
1072 3050 1123 3109 op.
1153 3031 1217 3091 609
1241 3048 1301 3107 sqq

230 3136 416 3214 praescribit‚
453 3142 488 3196 ut
523 3136 687 3196 uindemio
721 3140 856 3197 Arcturo
887 3138 1015 3210 beliaco,
1041 3138 1127 3216 quod
1153 3137 1299 3211 dicimus,

229 3242 349 3302 oriente
385 3242 440 3302 fiat
474 3242 494 3301 i.
531 3263 557 3301 e.
594 3249 666 3322 post-
701 3244 786 3304 diam
811 3245 932 3304 XVIII.
958 3244 1153 3323 Septembris
1177 3242 1298 3304 iuliani.

230 3348 354 3409 decimo
389 3356 478 3410 sexto
513 3349 564 3410 die
598 3358 671 3429 post
705 3370 777 3411 uuae
801 3352 983 3430 premendae
1006 3359 1090 3412 sunt.
1138 3371 1209 3413 eu.
1235 3351 1299 3413 673

229 3473 287 3533 sqq
323 3455 409 3516 idem
444 3462 572 3535 tempus
607 3464 819 3536 computatur.
868 3465 995 3537 tempus
1030 3458 1116 3519 enim
1148 3459 1188 3518 ad
1212 3459 1301 3520 naui·

228 3562 372 3639 gaudum
405 3571 517 3640 aptum
553 3582 584 3623 u.
622 3565 686 3624 663
722 3584 781 3642 sqq
810 3565 930 3643 Lpost
953 3566 1125 3626 solstitium
1150 3567 1300 3628 aestiuum

229 3667 297 3729 dies
321 3668 398 3729 dicit
421 3687 502 3741 esse;
527 3688 557 3729 u.
585 3670 648 3730 674
673 3679 804 3730 nautam
830 3671 919 3732 iubet
942 3669 1019 3753 μηδὲ
1044 3674 1142 3751 μένειν
1167 3666 1244 3731 οἶνόν
1268 3692 1299 3732 τε
1409 3659 1411 3663 ’
1506 3691 1512 3704 ·

338 3843 356 3908 ¹)
378 3845 496 3897 Inuenit
514 3846 569 3897 hoo
588 3847 792 3912 Kanngiesser,
813 3848 866 3898 Die
886 3849 943 3899 alte
956 3850 1040 3900 Kom.
1054 3850 1157 3901 Bfihne
1170 3849 1223 3901 225
1236 3865 1298 3915 sqq.

197 3961 198 3968 κ
227 3932 259 3984 in
286 3933 370 3985 Italia
398 3934 459 3986 fieri
481 3935 581 4000 potuit,
602 3938 634 3986 ut
653 3952 717 3987 uuae
737 3937 955 4002 perciperentur
974 3938 1060 3990 etiam
1080 3940 1144 3991 Kal.
1164 3940 1224 3991 Ian.
1244 3939 1299 3991 Pli-

228 4021 294 4074 nius
314 4023 348 4074 N.
362 4023 398 4074 H.
419 4022 483 4089 185
501 4024 554 4076 319
566 4022 612 4075 aed
624 4023 681 4075 ium
693 4027 721 4076 et
731 4024 795 4077 Kal.
813 4024 871 4077 [aa.
886 4024 1020 4093 defectu
1032 4043 1194 4080 uasorum
1207 4027 1298 4081 uinde-

227 4109 342 4163 miantis
359 4111 435 4176 utun
454 4112 506 4165 sed
524 4113 580 4165 hoc
599 4114 674 4166 male
693 4115 811 4166 iactum.
