3225 5034
647 1575 928 1657 Praefatio.

361 1861 389 1913 si
418 1861 482 1926 quis
511 1860 649 1927 Dionysia
677 1861 764 1914 attica
792 1861 847 1915 sibi
867 1863 903 1914 ad
922 1863 1103 1915 tractandum
1124 1864 1267 1930 proponit,
1287 1865 1329 1916 de

253 1959 365 2025 magnis
385 1960 461 2011 haud
483 1960 572 2011 multa
591 1960 680 2012 uerba
700 1961 832 2012 iacienda
851 1966 927 2026 sunt,
948 1962 1003 2012 nisi
1023 1962 1099 2013 ludis
1116 1962 1247 2014 scaenicis
1260 1978 1325 2028 ope·

252 2073 313 2109 ram
342 2059 403 2119 dat;
432 2059 469 2110 ad
497 2073 547 2111 eos
575 2060 653 2111 enim
682 2064 773 2111 totum
800 2061 908 2111 festum
938 2075 969 2110 se
989 2061 1085 2125 refert,
1105 2065 1142 2125 et,
1162 2060 1186 2111 si
1206 2061 1255 2125 qui
1275 2061 1324 2112 alii

251 2156 362 2208 fuerint
392 2157 465 2210 ritus
484 2157 643 2223 antiquitus
663 2158 770 2223 traditi,
789 2174 848 2224 prae
867 2157 963 2209 studio
983 2158 1145 2210 fabularum
1165 2158 1324 2211 oblitterati

252 2260 331 2315 sunt;
362 2256 440 2320 quin,
470 2255 552 2307 multi
576 2256 630 2307 uiri
651 2256 727 2308 docti
747 2257 800 2307 has
820 2256 907 2307 ferias
927 2272 985 2307 non
1005 2256 1045 2308 ita
1064 2261 1186 2321 ueteres,
1207 2257 1258 2308 sed
1277 2257 1324 2308 ad·

251 2354 368 2405 modum
389 2354 497 2406 recenti
518 2358 601 2406 aetate
621 2355 793 2406 constitutas
813 2369 878 2405 esse
898 2359 1025 2406 censent.
1060 2355 1246 2420 quamobrem
1261 2370 1323 2420 ege,

251 2451 298 2516 qui
331 2452 456 2518 uestigia
487 2452 656 2518 opinionum
688 2452 955 2518 antiquissimarum
986 2452 1128 2518 imprimis
1158 2468 1323 2519 persequor,

252 2549 398 2615 Dionysiis
426 2551 539 2616 magnis
568 2550 684 2602 omissis
713 2551 743 2602 in
772 2542 867 2602 cetera
885 2551 1038 2616 inquiram,
1057 2552 1088 2602 in
1107 2551 1212 2616 quibus
1232 2551 1323 2603 multo

253 2646 349 2712 plures
369 2649 495 2715 reliquiae
515 2649 696 2715 antiquitatis
716 2653 926 2700 remanserunt.
959 2650 1010 2700 sed
1023 2654 1178 2714 antequam
1193 2649 1248 2701 hoc
1261 2649 1323 2701 fieri

220 2779 223 2787 ·
253 2749 356 2811 potest,
382 2762 502 2799 necesse
529 2752 574 2799 est
592 2753 728 2812 statuere,
748 2752 818 2813 quot
836 2748 946 2798 fuerint
964 2748 1116 2813 Dionysia;
1137 2748 1173 2799 de
1193 2763 1227 2799 ea
1246 2748 1323 2798 enim

253 2858 283 2895 re
311 2844 402 2920 longa¹
424 2850 453 2897 et
480 2846 620 2898 acerrima
648 2847 704 2898 fuit
731 2847 775 2898 lis.
813 2846 1000 2910 quamobrem
1025 2845 1050 2895 si
1070 2845 1134 2910 quis
1154 2851 1324 2910 argumenta

253 2940 346 2994 denuo
375 2943 531 3008 examinat,
560 2945 719 3010 periculum
748 2949 801 3009 est,
831 2959 867 2995 ne
887 2943 955 2995 trita
974 2959 1007 2994 ac
1027 2949 1095 2995 nota
1114 2944 1175 2995 sola
1195 2944 1323 3008 proferre

253 3039 391 3106 uideatur,
421 3043 496 3107 quod
525 3057 567 3108 ea,
597 3060 660 3110 quae
688 3044 812 3097 antehac
841 3043 947 3108 scripta
969 3048 998 3093 et
1017 3042 1094 3093 dicta
1113 3046 1189 3107 suut,
1209 3057 1324 3107 semper

252 3139 394 3204 respicere
415 3141 498 3193 etde
517 3141 553 3193 iis
572 3143 711 3194 iudicium
730 3144 806 3193 ierre
827 3156 945 3192 necesse
965 3144 1018 3191 est.
1051 3140 1132 3190 nisus
1146 3146 1244 3191 tamen
1258 3155 1322 3190 sum

250 3252 302 3303 pro
323 3238 441 3301 uiribus,
462 3244 494 3291 ut
513 3245 639 3292 ueterem
661 3239 798 3291 Boeckhii
819 3238 1003 3302 sententiam,
1023 3237 1058 3288 de
1078 3253 1135 3302 qua
1148 3252 1225 3287 nunc
1239 3236 1322 3287 multi

250 3335 313 3388 sine
333 3337 410 3389 iusta
429 3353 515 3390 causa
534 3338 675 3402 dubitant,
696 3342 796 3389 contra
814 3338 1021 3388 obtrectatores
1041 3340 1145 3386 tuerer.
1175 3333 1251 3399 quod
1271 3333 1322 3384 uti-

250 3449 316 3485 nam
347 3436 416 3487 mihi
447 3437 606 3501 contingat}
634 3437 688 3487 uiri
708 3435 784 3486 docti
805 3435 898 3485 XVII.
919 3438 948 3484 et
967 3432 1074 3483 XVIII.
1095 3431 1266 3481 saeculorum
1285 3430 1322 3481 de

249 3547 283 3583 eo
309 3533 503 3600 ambigebant,
523 3540 619 3585 utrum
641 3534 744 3584 Lenaea
763 3549 828 3585 cum
848 3530 997 3595 Dionysiis
1016 3530 1178 3594 agrestibus
1198 3544 1235 3579 an
1255 3543 1321 3578 cum

248 3631 443 3684 Anthesteriis
473 3632 674 3696 coniungenda
702 3636 808 3696 essent,
839 3631 930 3682 donec.
955 3629 1058 3680 Lenaea
1077 3627 1165 3678 ferias
1185 3626 1230 3676 sui
1249 3624 1321 3675 iuris

248 3729 339 3781 fuisse
360 3745 459 3781 mense
480 3729 650 3782 Gamelione
671 3729 829 3780 celebratas
849 3727 957 3792 ingenii
977 3726 1109 3778 acumine
1123 3724 1255 3797 ‚maximo
1276 3722 1322 3773 de-

247 3830 421 3880 monstrauit
449 3828 591 3895 Auectius
619 3826 724 3879 Bocclrb
752 3827 782 3877 in
808 3824 1050 3877 commentatione
1071 3821 1238 3885 clarissima,
1258 3836 1321 3885 quae

246 3926 414 3978 inscribitur
448 3923 513 3978 Vom
546 3922 734 3977 Uatcrscbiedc
760 3922 810 3975 (Iar
831 3922 971 3974 Attiscbea
991 3920 1110 3983 Lenaea,
1131 3916 1321 3971 Anthestera'ea

185 4046 188 4049 “
246 4022 303 4074 aad
326 4022 481 4074 Iiodlichca
499 4021 661 4089 Dioayam,
681 4039 758 4075 anno
777 4022 871 4073 XVII.
891 4021 982 4072 nostri
1002 4019 1099 4071 sacculi
1119 4019 1193 4070 lecta
1212 4017 1242 4067 in
1261 4031 1322 4067 aca-

247 4120 342 4172 demia
361 4120 548 4172 scientiarum
569 4121 749 4173 Berolinensi
768 4128 825 4187 (op.
845 4119 910 4172 mia.
930 4118 984 4172 acl.
1010 4116 1039 4183 V,
1056 4135 1084 4185 p.
1105 4119 1140 4169 65
1158 4131 1224 4183 sqq,
1239 4115 1327 4166 cuius
