3225 5034
755 408 933 467 ..14-

309 588 460 650 Bucatius
495 591 565 648 tum
601 585 774 647 solstitium
807 584 1023 649 antecedebat.
1071 584 1182 645 eodem
1207 584 1303 645 modo
1327 604 1376 646 ex.

307 714 335 756 c.
366 694 488 756 Sullam
513 693 654 753 Athenas
678 691 845 753 nouilunic
869 690 1122 752 Anthesterionis
1147 691 1265 770 cepisse
1289 691 1376 764 dicit,

309 819 508 879 quamquam
543 819 582 860 ex
617 798 855 859 commentariis
890 797 1053 860 dictatoris
1087 797 1200 858 urbem
1223 798 1377 860 Kalendis

310 907 431 968 Martiis
466 913 592 986 captam
628 924 695 966 esse
726 904 834 977 tradit
858 905 914 982 qui
939 905 1056 967 mensis
1079 904 1186 983 potius
1210 924 1284 965 cum
1308 905 1376 965 Ela-

310 1013 499 1093 phebolione
523 1018 589 1073 erat
613 1010 856 1091 comparandus.
904 1010 1111 1085 Plutarchum
1134 1010 1219 1089 apud
1237 1019 1377 1072 ueterem

306 1127 470 1182 auctorem
498 1119 565 1180 baeo
589 1120 653 1179 lere
677 1118 837 1179 inuenisse
861 1117 1033 1182 uerisimile
1057 1124 1118 1179 est:
1143 1114 1239 1184 δεινὸς
1263 1119 1377 1198 χειμὼν

309 1221 355 1309 ἦν,
392 1226 485 1308 μηνὸς
517 1222 550 1284 δὲ
586 1231 635 1284 τοῦ
670 1223 845 1285 τελευταίου
866 1223 944 1297 ath„
969 1224 1053 1302 quod
1079 1226 1234 1286 rationem
1258 1231 1376 1304 tempo*

307 1335 351 1396 ris
370 1333 569 1396 describendi
592 1351 657 1394 suae
679 1328 783 1393 aetatis
807 1350 943 1409 sequens
966 1330 1050 1392 bona
1073 1331 1136 1392 fide
1159 1332 1203 1392 ita
1228 1332 1375 1405 mutauit,

309 1448 345 1501 ut
380 1440 445 1502 boc·
474 1446 602 1518 tempus
636 1440 670 1500 in
700 1439 874 1500 solstitium
897 1438 1046 1500 incidisse
1069 1438 1202 1499 diceret:
1227 1446 1377 1518 χειμῶνος

310 1549 364 1628 μὲν
399 1541 476 1628 ἦσαν
508 1540 539 1606 αἱ
563 1545 630 1626 περὶ
655 1545 768 1625 τροπὰς
791 1539 888 1625 ἀκμαί
911 1543 977 1615 arla
1002 1545 1036 1605 in
1059 1547 1264 1606 enuntatione
1288 1565 1376 1624 sequ·

306 1659 389 1715 ente>
417 1653 622 1715 boeotarcbas
652 1663 770 1715 eeteros
793 1671 859 1713 non
882 1653 985 1713 solum
1009 1652 1096 1729 legis,
1115 1652 1169 1712 sed
1193 1655 1288 1712 etlam
1314 1653 1376 1714 hie·

310 1761 371 1822 mis
406 1779 500 1823 causa
535 1760 648 1820 reuerti
684 1759 823 1821 uoluisse
858 1759 943 1819 dicit.
993 1777 1074 1837 opus
1098 1778 1173 1819 nonv
1187 1766 1253 1819 erat
1277 1760 1374 1820 solsti-

306 1868 392 1929 tium
427 1868 547 1940 adesse,
581 1873 618 1927 ut
651 1872 780 1946 propter
814 1866 953 1927 hiemem
986 1865 1141 1927 exercitus
1165 1865 1373 1940 reduceretur,

307 1993 384 2036 cum
421 1973 536 2034 militia
571 1973 688 2035 Graecis
723 1973 799 2035 satis
835 1973 914 2035 dura
949 1971 1119 2047 uideretur,
1144 1973 1169 2034 si
1195 1973 1373 2036 mediouel

309 2082 372 2141 fine
396 2079 586 2142 Nouembris
609 2081 643 2141 in
666 2080 776 2141 castris
800 2079 919 2140 uersari
943 2097 1068 2141 necesse
1092 2086 1182 2140 esset.

417 2188 487 2248 Hae
503 2187 724 2266 explicatione,
738 2205 821 2264 ·quae
845 2186 969 2259 rationi,
994 2186 1114 2263 quain
1139 2185 1301 2246 mensibus
1326 2187 1375 2246 de·

310 2294 458 2357 finiendis
504 2295 616 2356 utiturv
647 2293 845 2367 Plutarchus
885 2293 1005 2371 optime
1044 2293 1203 2365 conuenit,
1243 2293 1376 2372 probata

306 2401 461 2479 sequitur,
497 2409 533 2461 ut
567 2401 691 2461 Boeoti·
707 2419 829 2463 annum
852 2399 1029 2478 inceperint
1052 2419 1069 2460 a
1094 2419 1212 2472 mense,
1238 2401 1293 2477 qul
1318 2402 1376 2461 sol-

220 2543 222 2547 ·
310 2508 434 2569 stitium
468 2507 644 2586 praeoedere
678 2507 810 2568 solebat.
858 2513 1039 2568 statuerunt
1072 2512 1179 2566 autem
1210 2507 1375 2567 Hermann

309 2616 329 2675 l.
365 2615 386 2674 l.
422 2634 453 2693 p.
490 2615 531 2675 35
567 2620 598 2674 et
632 2614 738 2692 Unger
771 2614 792 2674 l.
817 2614 838 2674 l.
863 2634 894 2692 p.
921 2613 985 2675 730
1009 2632 1056 2691 sq.
1104 2614 1229 2675 Graecos
1253 2633 1374 2674 nouum

231 2760 234 2769 ψ
306 2741 431 2782 annum
455 2727 512 2782 aut
535 2740 554 2780 a
577 2720 720 2782 solstitiis
744 2728 799 2783 aut
812 2719 864 2780 -ab
888 2720 1087 2798 aequinoctiis
1110 2721 1274 2798 incepisse.
1314 2721 1375 2783 hoc

309 2835 416 2889 autem
440 2829 486 2889 ita
508 2847 573 2889 non
597 2833 652 2888 est.
674 2847 754 2891 nam
780 2827 1027 2889 Achaeosillam
1050 2828 1191 2904 regulam
1208 2846 1271 2887 non
1289 2846 1376 2888 cura·

307 2936 393 2996 uisse
428 2939 560 3014 apparet
582 2954 599 2993 e
622 2932 754 3011 Polybio
779 2934 818 3007 V,
843 2934 868 3006 l,
895 2934 951 3012 qui
974 2952 1094 2993 annum
1121 2934 1285 2994 achaicum
1310 2934 1374 2995 fere

311 3041 455 3119 Vergiliis
490 3041 665 3101 orientibus
700 3040 831 3102 initium
866 3040 985 3119 cepisse
1020 3045 1168 3110 testatur.;
1193 3039 1375 3105 oriebantur

306 3154 379 3211 tum
415 3147 468 3208 die
501 3147 607 3236 XXII.
644 3147 720 3209 Maii
756 3147 933 3208 secundum
967 3146 1113 3220 rationes,
1150 3165 1229 3224 quas
1252 3147 1375 3208 amicus

310 3256 424 3317 harum
459 3274 566 3316 rerum
589 3255 710 3334 peritus
732 3254 881 3315 instituit.
906 3254 952 3314 ita
974 3254 1070 3314 etiam
1095 3254 1184 3315 Locri
1208 3273 1279 3317 eam
1303 3274 1374 3331 neg-

309 3362 458 3440 ligebant,
483 3381 620 3441 quorum
645 3361 768 3440 primus
792 3361 910 3422 mensis
933 3361 1018 3421 idem
1043 3380 1080 3422 ac
1104 3361 1288 3438 Metagitnio
1309 3361 1328 3422 i.
1346 3380 1372 3421 e.

310 3471 471 3547 Augustus
495 3469 658 3529 terserat.
695 3468 863 3530 Thessalos
881 3486 1007 3546 quoque
1023 3469 1189 3546 plerosque
1205 3467 1246 3527 ab
1262 3467 1373 3529 eodem

307 3582 450 3656 tempore
485 3595 609 3636 annum
643 3575 772 3636 duxisse
806 3594 871 3637 non
906 3580 991 3637 certo
1019 3581 1151 3648 constat,
1177 3593 1373 3652 quamquam

307 3681 481 3744 Bischoffio
508 3682 681 3743 uerisimile
712 3682 848 3747 uidetur.
895 3682 1002 3760 itaque
1026 3682 1179 3759 quoniam
1203 3681 1272 3741 hoc
1286 3699 1372 3758 argu·

310 3796 455 3850 mentum
472 3808 537 3849 non
552 3789 648 3861 ualet,
666 3789 834 3851 Bucatium
848 3788 1015 3851 Posideoni
1027 3787 1226 3866 respondisse
1239 3792 1372 3849 constat.
