3225 5034
667 383 844 445 ..γρ-

220 565 335 625 tiatum
370 559 504 645 Λήναιον
536 561 594 641 γὰρ
616 560 694 636 acl,
719 580 917 640 quamquam
941 581 960 621 a
984 561 1041 640 γὰρ
1065 561 1187 640 incipit,
1212 581 1287 623 cum

219 671 377 733 sententia
421 668 617 748 praecedente
663 669 808 742 cohaeret,
855 686 957 746 neque
1001 686 1136 745 sequens
1174 668 1214 728 ad
1253 668 1287 729 id

220 796 253 838 se
276 778 379 838 refert.
414 795 488 836 nam
514 770 545 835 ἐν
569 774 660 853 τοὺτῳ
684 782 724 854 τῷ
745 778 825 853 τόπῳ
841 794 905 835 non
921 780 1025 890 potmt
1041 781 1182 853 spectare
1197 774 1238 835 ad
1256 769 1287 835 ἐν

220 878 332 962 ἀγροῖς.
371 902 434 961 qua
456 883 492 942 in
503 902 535 943 re
547 883 615 943 iure
627 883 753 943 Boeckh
766 881 952 963 postulauit,
966 888 1002 942 ut
1014 881 1107 942 nobis
1119 880 1285 956 diceretur,
1354 949 1357 962 ⁸

219 1009 283 1069 quo
317 990 351 1050 in
386 1009 460 1067 agro
494 989 646 1051 lenaeum
680 990 777 1051 situm
814 994 904 1049 esset.
951 988 1059 1066 itaque
1083 990 1286 1050 enuntiatum

219 1094 353 1179 Λήναιον
388 1096 445 1175 γὰρ
479 1094 545 1155 κτλ.
581 1095 838 1157 additamentum
874 1113 941 1156 esse
964 1094 1093 1156 uidetur
1114 1095 1163 1172 (ea
1187 1115 1205 1154 a
1229 1094 1287 1175 γὰρ

219 1223 301 1283 saepe
335 1200 515 1284 incipiunt),
550 1203 637 1282 quod
667 1222 704 1263 eo
727 1202 942 1275 confirmatur,
967 1201 1054 1281 quod
1078 1202 1286 1263 continuatio·

218 1330 293 1372 nem
328 1311 491 1372 sermonis
516 1311 729 1389 interrumpit.
776 1329 854 1369 nam
886 1305 937 1368 διὰ
972 1302 1004 1366 τὸ
1039 1306 1105 1369 κτλ.
1130 1309 1286 1370 rationem

218 1417 332 1490 reddit,
368 1436 424 1478 our
447 1424 531 1478 certo
554 1418 623 1478 loco
646 1418 760 1477 Lenaea
783 1416 940 1477 celebrata
964 1416 1037 1488 siut,
1063 1435 1128 1475 non
1152 1435 1208 1477 cur
1232 1417 1286 1477 Le-

217 1544 324 1586 naeum
360 1524 402 1585 sit
434 1525 593 1603 templum
625 1525 737 1585 rurale.
786 1524 813 1585 si
842 1519 930 1582 ἕνθεν
957 1523 1139 1602 probamus,
1165 1556 1209 1600 ε-
1231 1524 1286 1583 illo

218 1628 354 1713 Λήναιον
382 1630 439 1710 γὰρ
463 1629 528 1691 ιιτλ.
554 1643 703 1710 exempto
726 1666 770 1673 —
793 1631 845 1691 hic
870 1628 942 1691 finis
965 1630 1112 1691 reuulsus
1136 1630 1286 1690 narratio-

218 1739 267 1799 nis
302 1745 359 1811 est,
394 1739 428 1798 in
460 1757 525 1816 qua
555 1738 782 1817 exponebatur,
807 1757 871 1816 qua
894 1736 933 1797 de
957 1755 1053 1798 causa
1076 1742 1107 1798 et
1130 1756 1194 1815 quo
1217 1738 1287 1798 loco

218 1845 332 1906 Lenaea
365 1845 619 1917 instituerentur;
659 1844 714 1906 sed
749 1845 881 1905 forsitan
917 1849 1044 1923 praestet
1078 1843 1111 1903 id
1147 1844 1181 1903 in
1209 1839 1287 1903 ἔνθα

219 1961 352 2026 mutare,
376 1971 440 2030 quo
466 1953 551 2013 facto
575 1948 708 2033 Λήναιον
731 1957 859 2012 tantum
883 1952 1047 2029 praefigere
1065 1969 1146 2029 opus
1169 1956 1226 2025 est,
1250 1956 1287 2012 ut

217 2059 320 2137 glossa
354 2058 476 2135 integra
510 2058 576 2119 fiat.
609 2078 680 2119 eam
704 2058 745 2118 ob
769 2077 835 2118 rem
860 2058 997 2119 uoluerit
1020 2058 1180 2136 quispiam
1204 2057 1286 2119 illud

218 2160 352 2246 Λήναιον
386 2164 444 2243 γὰρ
480 2163 544 2225 κτλ.
581 2172 654 2227 ante
690 2161 778 2225 ἔνθεν
801 2184 934 2243 ponere;
970 2164 1025 2226 sed
1049 2165 1109 2226 hoc
1133 2164 1286 2226 audacius

217 2277 274 2343 est,
310 2290 384 2332 oum
419 2278 450 2331 et
484 2272 758 2350 transponendum
794 2277 826 2332 et
858 2291 894 2331 ea
924 2270 964 2331 de
988 2290 1083 2332 causa
1106 2272 1206 2333 simul
1227 2271 1286 2350 γὰρ

217 2377 396 2438 eiciendum
431 2378 482 2439 sit.
528 2378 685 2440 habemus
708 2379 804 2456 igitur
826 2379 965 2456 glossam
988 2384 1139 2452 ueterem,
1163 2379 1197 2439 in
1222 2398 1287 2457 qua

216 2503 249 2544 re
273 2503 349 2545 uera
371 2485 584 2564 ueriloquium
608 2486 696 2547 uocis
721 2486 826 2547 Lenaei
849 2485 994 2559 traditur,
1019 2505 1093 2546 cum
1118 2504 1181 2563 qua
1204 2485 1286 2547 alius

217 2591 350 2669 quidam
366 2610 424 2653 suo
439 2592 569 2653 arbitrio
585 2592 650 2654 duo
665 2591 886 2653 additamenta
901 2592 1078 2653 coniunxit.
1110 2593 1147 2650 τά
1163 2588 1287 2673 Λήναια

218 2695 368 2778 λεγόμενα
402 2717 441 2759 ex
477 2699 612 2760 Acham.
649 2719 681 2761 u.
714 2699 778 2760 504
801 2699 966 2772 conclusit,
992 2704 1028 2758 ut
1051 2698 1221 2759 scholiasta
1244 2697 1285 2758 ad

218 2822 248 2866 u.
276 2806 360 2865 1224
385 2824 425 2865 ax
447 2806 559 2866 eodem
589 2806 658 2867 loco
682 2807 795 2867 Lenaea
819 2805 922 2867 Choes
945 2823 1012 2866 esse
1036 2805 1169 2883 collegit.
1211 2824 1285 2866 cum

217 2912 331 2972 Ienaea
366 2906 397 2970 ἐν
433 2907 537 2991 ἀγροῖς
568 2919 743 2990 agerentur,
773 2912 925 2973 nimirum
950 2912 1110 2990 templum
1134 2912 1286 2973 Lenaeum

218 3012 249 3077 ἐν
273 3012 376 3097 ἀγροῖς
410 3020 509 3080 situm
532 3038 599 3081 esse
622 3020 787 3094 conclusit,
812 3019 898 3098 quod
922 3020 1040 3080 falsum
1064 3037 1131 3080 esse
1154 3024 1286 3098 apparet

217 3144 255 3185 ex
292 3125 452 3204 Hesychio
487 3145 511 3188 s.
548 3147 579 3187 11.
617 3122 665 3186 ἐπὶ
699 3122 826 3207 Ληναίῳ
862 3120 941 3202 ἀγών
968 3132 999 3188 et
1023 3127 1102 3187 Isaec
1127 3126 1207 3186 VIII
1232 3126 1284 3200 35,

217 3239 343 3293 auctora
362 3234 515 3310 graqurc,
532 3234 587 3312 qui
604 3235 755 3295 Lenaeum
773 3229 803 3293 ἐν
821 3229 904 3292 ἀοτει
920 3234 1017 3294 situm
1035 3252 1102 3293 esse
1118 3237 1283 3293 testantur.

324 3340 406 3401 Cum
439 3341 508 3402 haec
542 3342 725 3402 testimonia
759 3347 826 3401 tam
856 3341 976 3401 incerta
999 3346 1031 3399 et
1053 3338 1187 3400 obscura
1210 3339 1284 3411 sint,

216 3452 253 3507 ut
275 3446 533 3526 interpretatione
557 3454 678 3526 egeant,
702 3449 890 3527 priusquam
911 3446 1132 3518 adhibeantur,
1150 3464 1196 3519 ea,
1213 3464 1286 3524 quas

216 3572 302 3614 nunc
336 3554 479 3629 afferam,
514 3554 629 3616 diserte
658 3560 689 3616 et
712 3555 861 3616 distincte
884 3543 1069 3632 loquuntur,
1094 3558 1139 3625 ut,
1163 3552 1188 3613 si
1213 3552 1285 3630 quis

215 3659 255 3719 iis
289 3660 491 3739 supersedere
527 3662 614 3735 uelit,
651 3661 730 3723 fides
762 3661 801 3721 iis
825 3659 1007 3739 abroganda
1030 3658 1080 3720 sit.
1120 3658 1159 3718 de
1182 3660 1286 3736 glossa

216 3766 370 3844 Hesychii
405 3763 557 3843 Διονὺοια,
581 3787 653 3847 quae
676 3769 773 3828 etiam
797 3767 883 3846 apud
907 3767 985 3828 alios
1009 3765 1154 3838 traditur,
1179 3765 1285 3839 (XI-

216 3869 315 3952 XIV),
341 3873 405 3933 iam
426 3892 523 3954 supra
538 3895 570 3954 p.
588 3876 630 3935 44
647 3894 707 3953 sqq
723 3880 754 3935 et
771 3876 812 3935 65
829 3874 906 3934 satis
921 3873 1104 3952 expositum
1121 3876 1177 3933 est.
1213 3891 1285 3950 quse

216 3997 290 4039 cum
314 3978 394 4041 duas
417 3999 475 4050 res,
501 4000 572 4058 quae
596 4000 679 4042 uerae
702 3986 790 4043 sunt:
821 3976 915 4039 τὰδὲ
939 3975 1063 4061 Λήναια
1086 3973 1286 4060 Γαμηλιῶνος

216 4091 248 4145 et
282 4084 319 4143 τὰ
349 4083 382 4145 δὲ
407 4081 437 4146 ἐν
461 4083 546 4146 ἄστει
569 4082 841 4170 Ἐλαφηβολιῶνος
864 4086 956 4147 nobis
979 4086 1094 4160 tradat,
1120 4105 1175 4146 cur
1198 4085 1227 4146 ei
1250 4085 1285 4146 in
