3225 5034
770 407 878 466 ..64
906 439 946 447 ...

326 586 468 665 qualibet
502 586 611 647 utitur.
658 590 755 644 restat
790 581 971 660 Hesychius
1006 600 1030 641 s.
1068 600 1097 641 u.
1132 574 1245 662 Λίμναι
1268 581 1391 661 (XLII),

326 693 412 772 quod
447 692 679 752 adminiculum
714 689 813 750 etiam
848 687 940 748 nobis
973 687 1125 758 'elabitun
1161 708 1237 748 nam
1271 685 1393 769 Λήναια

325 799 505 861 coniectura
540 798 662 859 Musuri
697 802 744 858 est
777 815 835 874 pro
878 793 960 865 λαια,
997 794 1083 872 quod
1107 814 1182 856 mss.
1208 796 1350 874 praebent
1360 790 1392 875 ¹).
1438 790 1440 797 ¹

325 925 382 984 ego
417 924 543 984 quoque
577 905 720 966 conicere
753 903 870 964 audeo:
906 896 1096 983 Λ<ιμν>αῐα.
1143 901 1203 963 hoc
1233 902 1394 962 festuma

322 1013 415 1073 ‚nullo
450 1018 576 1073 auctore
610 1015 888 1082 commemoratur,
923 1008 978 1069 sed
1013 1009 1187 1069 certamina
1213 1010 1248 1069 in
1272 984 1393 1068 Limnis

325 1119 480 1180 celebrata
516 1137 583 1179 esse
617 1122 741 1178 constat
774 1136 791 1176 e
816 1115 978 1194 Hesychio
1001 1111 1201 1195 Αιμνομάχαι
1225 1112 1282 1196 (L),
1306 1115 1394 1175 etin

325 1225 364 1286 iis
397 1224 518 1298 choros,
542 1243 621 1302 quos
646 1243 747 1301 nuper
770 1222 1030 1295 commemoraui,
1055 1222 1232 1283 cantauisse
1256 1242 1313 1301 par
1336 1227 1393 1295 est,

326 1340 358 1392 et
392 1331 433 1392 ad
468 1351 505 1391 ea
539 1331 651 1392 titulus
685 1329 897 1408 imperatoriae
932 1329 1033 1390 aetatis
1062 1325 1125 1409 (LI)
1150 1330 1256 1389 referri
1279 1334 1392 1408 potest.

326 1444 399 1499 utut
433 1446 489 1511 est,
525 1456 627 1515 neque
663 1457 680 1496 e
714 1436 856 1514 reliquiis
891 1435 1014 1497 effossIs
1037 1454 1140 1513 neque
1164 1455 1180 1495 e
1203 1436 1394 1497 testimoniis

327 1552 493 1605 auctorum
518 1544 696 1604 Limnaeum
721 1548 753 1603 et
776 1543 927 1603 Lenaeum
954 1561 1053 1602 unum
1070 1543 1228 1621 templum
1246 1542 1394 1603 habuIsse

326 1651 535 1711 demonstrari
559 1656 671 1728 potest.
687 1644 710 1730 ²)

434 1757 483 1817 Ad
518 1762 714 1834 argumenta,
739 1775 811 1834 quae
834 1775 874 1816 cx
897 1756 1022 1816 silentio
1047 1763 1210 1828 uocantur,
1235 1775 1321 1816 nunc
1343 1775 1395 1816 ue

325 1864 389 1936 nIo,
414 1881 485 1942 quae
508 1864 640 1924 fortasse
665 1864 806 1923 maxime
830 1862 1012 1935 effecerunt,
1038 1870 1073 1922 ut
1098 1863 1214 1923 Lenaea
1233 1882 1307 1924 cum
1324 1863 1394 1923 aliis

326 1969 412 2031 feriis
446 1970 669 2031 coniunxerint
693 1970 754 2029 uIri
778 1969 872 2031 docti.
898 1989 947 2030 ex.
972 1989 997 2030 c.
1025 1968 1250 2029 Bodensteiner
1273 1989 1303 2047 p.
1330 1971 1392 2028 221

326 2076 360 2137 in
396 2096 432 2136 eo
464 2076 634 2137 discrimen
659 2076 880 2137 controuersiae
904 2076 1021 2135 uersari
1045 2082 1147 2154 putat,
1172 2076 1258 2154 quod
1282 2077 1396 2136 Ienaea

326 2202 393 2243 una
426 2201 500 2244 oum
536 2181 676 2244 Choibus
712 2188 743 2243 et
767 2182 894 2260 Chytris
918 2183 1058 2260 quidem,
1083 2201 1261 2260 numquam
1287 2189 1395 2270 autem

326 2308 392 2350 una
425 2308 498 2350 cum
535 2289 743 2350 Anthesteriis
779 2295 1080 2361 commemorantur,
1114 2309 1311 2367 quamquam
1334 2289 1395 2349 hoc

327 2415 464 2486 quoque,
500 2396 585 2474 quod
622 2396 744 2469 Lenaea,
780 2397 848 2457 siue
883 2395 1086 2457 Anthestcria
1120 2403 1204 2469 sunt,
1237 2397 1304 2457 siue
1328 2395 1396 2456 dies

327 2502 613 2576 Anthesteriorum,
650 2503 791 2563 Choibus
826 2511 857 2563 et
891 2502 1018 2580 Chytris
1045 2508 1261 2582 opponuntur,
1286 2522 1323 2563 ea
1345 2502 1394 2562 sui

326 2609 404 2670 iurIs
433 2610 531 2669 fuisse
565 2609 686 2671 iudicat
721 2615 764 2688 (p.
801 2610 843 2669 46
874 2607 966 2690 sqq.).
1015 2610 1073 2670 hac
1097 2611 1129 2670 in
1154 2629 1186 2669 re
1210 2628 1267 2671 nos
1290 2617 1396 2669 tenere

327 2722 451 2794 oportet
486 2735 602 2776 nomen
630 2716 728 2777 totius
752 2717 825 2777 festi
848 2716 925 2777 satis
948 2735 1018 2777 raro
1041 2716 1189 2790 inueniri,
1213 2715 1268 2777 sed
1292 2721 1396 2776 aucto·

327 2841 375 2883 res
410 2828 441 2882 et
475 2824 631 2902 populum
661 2824 820 2902 praecipue
844 2823 911 2884 dies
935 2824 1076 2901 singulos
1100 2823 1264 2888 nominare
1287 2822 1395 2883 solitos

327 2947 403 2990 esse.
451 2930 495 2990 sic
530 2929 758 3008 Aristophanes
793 2931 872 2991 Ach.
912 2929 996 2990 1076
1032 2929 1110 2990 dicit
1137 2922 1193 2988 orto
1217 2927 1286 2995 τοὺς
1312 2923 1396 2995 Χόας

281 3068 285 3069 ⁷
327 3034 380 3094 καὶ
417 3030 560 3115 Χὺτροος.
609 3037 812 3097 Anthestcria
846 3035 1058 3115 Apollodorus
1093 3034 1187 3095 affert
1215 3041 1250 3096 ut
1278 3054 1397 3095 nomen

328 3142 474 3202 omnium
509 3142 607 3202 trium
642 3142 766 3203 dierum
801 3143 834 3202 in
858 3142 955 3205 schol.
981 3143 1034 3202 Ar.
1059 3142 1137 3203 Ach.
1164 3142 1225 3202 961
1253 3137 1396 3221 (LXVII)

328 3254 358 3309 et
393 3249 494 3327 Harp.
530 3269 560 3327 p.
600 3249 661 3309 184
697 3246 838 3329 (LXIII).
884 3268 977 3327 porro
1001 3268 1073 3326 quae
1096 3249 1161 3310 sint
1184 3247 1395 3321 Anthesteria,

437 3404 455 3472 ¹)
483 3407 546 3459 Hoc
575 3407 611 3459 de
641 3407 723 3459 Prott
750 3422 863 3473 quoque
892 3407 1104 3474 animaduertit,
1133 3408 1181 3473 qui
1214 3402 1396 3473 Ἀνθεπτήρια

328 3494 458 3561 comecit,
487 3496 563 3561 quod
589 3496 692 3549 litteris
721 3497 834 3549 traditis
854 3497 950 3548 minus
970 3497 1106 3549 conuenit
1125 3497 1278 3561 minusque
1296 3501 1397 3561 aptum

328 3588 382 3648 est,
412 3599 477 3636 cum
506 3584 597 3637 altera
623 3601 689 3651 pars
718 3585 979 3651 Anthesteriorum,
1008 3584 1118 3651 Ghytri,
1147 3600 1206 3636 non
1233 3585 1264 3636 in
1288 3582 1396 3649 templo

328 3672 448 3724 Limnaei
467 3673 611 3726 celebrata
629 3675 675 3727 sit.
692 3674 720 3740 (l.
740 3674 758 3727 l.
777 3691 805 3739 p.
824 3673 887 3739 227)

436 3757 456 3827 ²)
483 3762 699 3829 OehmIchenio,
719 3763 767 3828 qui
787 3763 804 3816 I.
825 3763 843 3815 l.
862 3764 997 3816 Lenaeum
1018 3779 1082 3815 cum
1102 3762 1218 3828 regione
1238 3760 1396 3814 Eleutherii

329 3849 503 3916 coniungere
531 3856 650 3903 conatus
680 3857 733 3918 est,
761 3853 874 3904 ettamsi
903 3853 983 3904 locus
1013 3851 1169 3918 paludosus
1202 3866 1266 3902 esse
1294 3850 1395 3916 potuit,

329 3938 489 3990 contrarius
518 3945 563 3991 est
590 3941 638 3992 Ar.
666 3940 737 3993 Aah.
756 3940 817 4007 504,
837 3942 886 3993 ubi
907 3938 966 3990 οὑπὶ
985 3937 1098 4008 Ληναίῳ
1119 3938 1190 4008 ἀγὼν
1209 3939 1292 3991 alteri
1310 3942 1388 3991 certa

266 4024 268 4032 ⁴
329 4028 400 4079 mini
426 4027 482 4080 alio
511 4028 572 4080 loco
600 4034 663 4081 acto
692 4030 856 4096 opponitur,
884 4030 915 4080 in
940 4045 996 4094 quo
1015 4028 1179 4095 hospitibus
1198 4027 1396 4094 spectantibus

329 4116 427 4168 fabula
445 4121 510 4169 acta
528 4123 597 4184 erat,
617 4119 698 4171 cuius
718 4122 803 4184 poeta
821 4123 973 4170 accusatus
993 4122 1062 4192 erat.
