3225 5034
680 442 721 449 --
750 406 809 469 137
839 441 878 450 -

245 582 335 643 tanit.
382 583 417 642 in
440 584 678 643 commentariis
702 583 798 644 Sullae
816 583 913 656 diem,
931 591 967 645 ut
983 605 1036 647 eos
1053 586 1189 646 Romani
1206 607 1315 648 nume·

244 689 368 762 rabant,
393 689 570 751 indicatum
594 691 720 751 inuenit
742 692 762 750 i.
788 711 815 751 e.
840 691 1002 753 Kalendas
1028 693 1168 766 Martiae,
1186 694 1315 771 quibus·

245 815 319 857 cum
354 796 553 857 accuratione
577 797 694 857 omissa
718 798 921 858 nouilunium
947 818 1059 860 uerum
1086 801 1203 861 mensis
1228 802 1315 862 athe·

245 903 364 965 niensis
388 909 560 982 comparat.
609 905 668 965 hoc
692 905 737 965 ita
760 924 827 966 esse
851 911 972 966 eertum
997 906 1032 967 fit
1057 926 1103 980 eo,
1128 908 1214 985 quod
1236 908 1315 968 Mar·

246 1012 327 1071 tium
363 1030 426 1071 non
458 1030 532 1072 cum
556 1011 815 1090 Elaphebolione,
841 1018 877 1072 ut
900 1019 991 1073 aetate
1016 1014 1112 1074 Sullae
1135 1015 1215 1074 ratio
1239 1020 1315 1075 tem·

246 1137 359 1196 porum
395 1124 477 1179 recte
513 1119 673 1196 agebatur,
709 1119 764 1179 sed
788 1139 861 1180 cum
888 1120 1140 1191 Anthesterione,
1166 1128 1202 1182 ut
1224 1122 1316 1182 ratio·

246 1244 320 1284 nem
356 1225 423 1286 eius
457 1226 656 1303 temporibus
691 1226 822 1287 ductam
854 1245 921 1288 esse
945 1246 1042 1306 supra
1065 1230 1208 1306 exposui,
1233 1248 1315 1289 com-

248 1337 345 1410 parat.
394 1332 603 1409 quamobrem
628 1333 693 1393 fieri
719 1341 832 1412 potest,
858 1341 893 1394 ut
908 1334 942 1394 in
959 1335 1107 1411 quemuis
1123 1354 1214 1415 paene
1231 1335 1316 1395 diem

247 1439 465 1499 atheniensem
489 1440 643 1501 Kalendae
669 1441 789 1501 Martiae
814 1460 840 1500 a.
867 1442 909 1500 86
933 1460 960 1501 a.
987 1441 1059 1502 Chr.
1088 1462 1117 1501 n.
1135 1442 1315 1502 inciderint.

247 1546 314 1606 dies
350 1547 438 1606 nullo
465 1548 590 1624 negotio
614 1547 791 1626 computari
816 1553 948 1627 poterat,
974 1548 1000 1609 si
1024 1549 1123 1609 fastos
1146 1568 1262 1624 graecos
1287 1554 1318 1609 et

246 1672 395 1713 romanos
419 1660 563 1714 accurate
587 1661 767 1733 perspectos
788 1654 987 1716 haberemus.
1028 1656 1235 1717 Plutarchum
1252 1675 1318 1716 non

245 1742 279 1820 id
315 1761 474 1839 praecipue
508 1780 709 1822 commonere
745 1763 884 1823 uoluisse
918 1763 1011 1824 credo
1042 1762 1185 1824 Athenas
1210 1782 1318 1824 mense

247 1867 398 1945 quodam,
435 1868 468 1927 in
504 1887 568 1946 quo
602 1869 707 1929 tristes
743 1870 822 1930 ritus
856 1870 991 1943 inerant,
1028 1877 1137 1949 captas
1161 1889 1237 1945 esse,
1263 1870 1318 1931 sed

247 1994 341 2035 omen
377 1975 405 2035 ei
441 1975 508 2036 dies
543 1994 610 2036 esse
645 1976 825 2047 uidebatur,
862 1996 925 2055 quo
950 1978 1083 2038 Athenae
1107 1986 1208 2056 captae
1232 1984 1317 2051 sunt,

248 2082 333 2160 quod
358 2082 472 2143 ritibus
495 2082 640 2143 tristibus
664 2085 813 2162 maloque
836 2084 943 2144 omine
959 2084 1129 2162 insignitus
1146 2091 1221 2144 erat.
1258 2085 1319 2144 hoo

248 2189 401 2249 traditum
434 2190 558 2250 inuenit
581 2196 612 2250 et
635 2190 696 2250 hoc
720 2210 969 2251 commemorare
994 2192 1109 2264 uoluit3
1135 2191 1220 2269 diem
1245 2209 1320 2269 grae·

249 2315 323 2356 curn
358 2315 415 2357 sna
451 2297 571 2357 ratione
606 2315 683 2358 usus
718 2298 851 2358 addidit.
900 2317 997 2376 quare
1028 2292 1058 2356 ἐν
1082 2317 1101 2377 ῃ
1126 2317 1239 2359 uerum
1263 2303 1320 2371 est,

250 2405 423 2482 prasertim
460 2423 533 2464 cum
569 2406 698 2474 mensis,
732 2413 768 2465 ut
791 2405 858 2466 dies
882 2404 1062 2477 definiatur,
1087 2411 1213 2465 tantum
1238 2404 1319 2465 indi·

249 2517 345 2571 cetur.
394 2512 559 2572 enuntiato
594 2517 746 2589 sequente
770 2512 830 2572 hoc
854 2512 1071 2586 confirmatur,
1096 2511 1181 2589 quod
1207 2512 1251 2571 ita
1275 2512 1321 2570 in·

249 2618 463 2696 tellegendum
491 2625 547 2692 cst,
572 2625 608 2679 ut
631 2619 684 2679 hic
708 2619 774 2679 dies
799 2612 886 2698 (τότε)
911 2624 942 2679 et
964 2625 1103 2696 tempus,
1129 2618 1214 2695 quod
1239 2618 1322 2678 circa

249 2745 323 2786 eum
355 2732 430 2796 erat,
455 2727 592 2805 tempori
616 2726 758 2798 diluuiei,
784 2745 856 2804 quae
880 2726 956 2787 satis
980 2725 1132 2786 diuturna
1155 2731 1230 2796 erat,
1256 2744 1322 2785 ma·

249 2834 336 2893 xime
371 2830 557 2895 consentiat.
605 2853 700 2894 causa
736 2834 832 2893 etiam
870 2833 957 2893 nulla
981 2838 1037 2904 est,
1063 2852 1119 2893 cur
1143 2832 1181 2891 ad
1208 2832 1323 2910 hydro·

251 2940 396 3018 phoriam
421 2947 549 3001 tantum
573 2961 646 3002 eum
672 2947 813 3019 spectare
837 2939 1019 3011 credamus3
1045 2938 1085 2998 ad
1103 2938 1238 3018 Chytros
1255 2938 1323 2998 uni-

252 3066 357 3109 uersos
389 3048 495 3108 referri
521 3055 639 3127 potest;
665 3067 739 3109 cum
763 3055 872 3108 autem
897 3047 1104 3107 Philochorus
1128 3046 1148 3106 l.
1174 3047 1194 3105 l.
1221 3046 1323 3104 multa

251 3154 285 3213 in
309 3156 496 3216 memoriam
520 3175 640 3227 eorum,
666 3155 721 3233 qui
745 3155 778 3215 in
803 3153 924 3215 diluuie
948 3153 1125 3233 periissent,
1151 3156 1235 3213 lacta
1256 3169 1323 3212 esse

252 3269 366 3334 narret,
390 3262 450 3323 hoc
475 3263 530 3322 uix
554 3264 621 3323 siue
646 3262 685 3322 de
708 3263 780 3322 ollis
804 3261 954 3322 manibus
976 3260 1091 3320 oblatis
1108 3259 1183 3320 solis
1200 3259 1267 3319 siue
1284 3258 1323 3319 de

251 3369 467 3448 hydrophoria·
502 3371 578 3440 sola,
610 3388 747 3448 quorum
771 3376 904 3447 uterque
928 3385 1012 3428 unus
1037 3368 1116 3427 ritus
1140 3371 1197 3439 est,
1222 3364 1323 3443 accipi

251 3483 363 3555 potest.
413 3478 514 3537 multo
538 3478 644 3556 aptius
668 3477 728 3537 hoc
752 3476 880 3548 dicitur,
906 3476 932 3536 si
950 3474 990 3534 ad
1008 3475 1093 3534 hunc
1111 3473 1195 3533 diem
1213 3491 1324 3533 omnes

250 3585 417 3645 referimus
452 3584 541 3657 ritus,
585 3602 664 3661 quos
689 3582 818 3643 v'fabulis
848 3582 1010 3643 ediluuie
1035 3581 1142 3660 petitis
1166 3579 1324 3657 explicare

251 3697 372 3752 ueteres
397 3691 536 3758 student,
561 3710 664 3768 neque
688 3691 756 3750 haec
779 3690 890 3750 fabula
913 3690 946 3748 in
969 3688 1074 3749 Attica
1090 3696 1158 3748 tam
1176 3687 1325 3763 frequens

251 3806 306 3859 aut
340 3803 434 3858 uetus
468 3805 544 3868 erat,
580 3804 616 3857 ut
641 3798 758 3857 multos
783 3797 862 3857 ritus
887 3814 1021 3857 cumea
1046 3794 1232 3855 coniunctos
1259 3810 1326 3852 esse

251 3906 424 3967 uerisimile
447 3906 497 3966 sit.
545 3923 616 3982 quae
640 3904 679 3964 de
702 3903 907 3982 panepermia
931 3902 1123 3981 Chytrorum
1146 3904 1324 3960 narrantur,

252 4033 307 4074 cur
329 4014 370 4073 ad
394 4013 541 4073 homines
565 4032 581 4070 e
606 4011 726 4071 diluuia
750 4018 891 4071 seruatos
915 4008 1119 4088 potissimum
1137 4009 1234 4067 relata
1251 4005 1325 4078 sint,

251 4122 340 4182 nulla
375 4127 422 4180 est
457 4138 561 4192 causa,
598 4119 659 4179 nisi
690 4119 742 4178 hic
765 4137 839 4178 cum
864 4117 934 4177 aliis
959 4115 1073 4176 ritibus
1098 4118 1245 4185 cohaeret,
1271 4112 1327 4189 qui
