3225 5034
687 381 864 441 ...25-

243 559 309 620 nire
343 557 500 626 uidimus:
537 558 694 634 Proclum,
730 560 892 638 optimum
926 560 960 619 in
995 559 1055 627 hac
1078 579 1111 621 re
1134 570 1308 637 auctorem,

243 665 341 727 secuti
365 684 486 739 sumus,
511 666 566 744 qui
590 665 752 743 quomodo
776 685 851 727 eum
875 667 965 727 fastis
988 667 1101 728 ionicis
1120 667 1309 743 consentiat,

243 791 321 851 quos
345 792 361 832 e
384 771 545 852 lapidibus
569 773 757 850 colligimus,
783 792 869 834 nunc
892 773 1107 851 exquiramus.

555 1018 619 1097 De
646 1017 785 1098 lastis
815 1017 988 1099 ionicis.

349 1199 394 1259 De
417 1199 467 1260 his
491 1198 633 1260 Bischoff
656 1218 687 1276 p.
713 1198 778 1259 390
801 1217 870 1277 sqq.
896 1198 1049 1278 disputat,
1074 1207 1105 1260 et
1120 1201 1216 1279 paulo
1233 1205 1307 1261 ante

242 1325 315 1366 eum
340 1306 503 1407 ⁸Arminius
527 1304 656 1366 Clodius
681 1305 831 1365 Halensis
855 1324 883 1366 a.
904 1305 987 1367 1882
1005 1305 1044 1366 de
1060 1307 1099 1367 iis
1116 1306 1307 1368 dissertatio·

242 1432 314 1473 nem
350 1413 484 1491 scripsit.
540 1412 700 1473 mensium
735 1411 930 1472 deliaeorum
966 1413 1115 1473 Homolle
1150 1413 1231 1474 Bull.
1270 1413 1308 1474 de

241 1538 317 1580 corr.
354 1519 426 1580 hell.
465 1520 502 1587 V,
531 1538 561 1598 p.
588 1518 629 1578 25
654 1537 712 1596 sqq
736 1538 753 1578 e
776 1518 871 1580 titulo
894 1519 914 1578 l.
940 1520 960 1579 l.
986 1519 1041 1579 Vl.
1067 1539 1098 1599 p.
1125 1523 1144 1580 6
1168 1538 1226 1598 sqq
1251 1539 1308 1598 pu·

240 1624 315 1687 blici
338 1626 416 1687 iuris
439 1627 523 1687 facto
548 1625 633 1686 hune
656 1624 796 1687 instituit
819 1624 979 1686 ordinem:

285 1733 354 1793 Deli
554 1732 688 1793 Athenis
908 1732 978 1793 Deli
1126 1733 1260 1793 Athenis

241 1839 467 1900 Hecatombaeo
509 1838 737 1899 Hecatombaeo
866 1839 979 1899 Lenaeo
1081 1840 1226 1901 Gamelio

241 1946 426 2024 Metagitnio
507 1946 693 2023 Metagitnio
863 1945 979 2006 Hierus
1078 1946 1280 2007 Anthesterio

240 2052 410 2132 Buphonio
507 2051 696 2114 Boedromio
863 2052 997 2114 Galaxio
1079 2052 1288 2131 Elaphebolio

241 2160 395 2239 Apaturio
507 2159 685 2238 Pyanopsio
864 2160 1034 2221 Artemisio
1079 2160 1252 2237 Munychio

241 2267 350 2328 Aresio
509 2267 719 2327 Maemacterio
864 2266 1031 2344 Thargelio
1079 2266 1246 2344 Thargelio

240 2373 372 2435 Posideo
507 2373 639 2434 Posideo
863 2373 1020 2434 Panemus
1078 2372 1280 2451 Seirophorio

241 2499 258 2540 e
293 2480 386 2541 titulo
421 2479 491 2541 CIA
526 2479 714 2555 11,814,1.
743 2482 758 2539 l
785 2499 845 2557 sqq
869 2475 928 2559 (Ol.
956 2479 1030 2554 101,
1056 2474 1254 2548 2:376t5
1278 2498 1305 2539 a.

242 2585 313 2647 Chr.
349 2582 393 2667 n.)
417 2586 658 2665 Thargelionem
682 2586 816 2647 atticum
841 2592 872 2648 et
895 2585 1054 2647 deliaeum
1078 2585 1216 2647 eundem
1240 2604 1307 2646 esse

242 2712 383 2754 mensem
408 2698 541 2767 constat,
566 2694 652 2753 etin
677 2694 771 2753 titulo
794 2692 916 2753 inedito
940 2692 980 2753 ab
1004 2680 1168 2753 Homollio
1191 2693 1211 2752 l.
1237 2692 1256 2754 l.
1278 2711 1306 2770 p.

242 2798 282 2861 27
318 2806 566 2860 commemorato
590 2799 748 2860 Panemus
772 2818 847 2861 cum
871 2798 1114 2877 Scirophorione
1137 2799 1307 2870 confertur,

242 2913 287 2981 ut,
327 2907 378 2968 cui
412 2905 512 2967 mensi
536 2906 632 2967 attico
657 2906 796 2967 deliaous
820 2907 955 2984 quisque
983 2904 1189 2984 responderit,
1214 2906 1308 2984 plane

242 3019 375 3074 constet.
422 3012 508 3091 quod
533 3024 641 3074 autem
657 3013 728 3075 CIA
745 3014 770 3087 I,
787 3013 851 3075 283
868 3014 888 3073 l.
909 3012 949 3073 14
965 3013 1026 3089 (Ol.
1044 3012 1120 3086 863
1138 3038 1177 3062 =
1196 3006 1310 3088 434t3)

241 3121 350 3199 χρόνος
375 3115 465 3200 ἄρχει
489 3114 708 3195 Μεταγειτνιὼν
733 3120 791 3201 μὴν
816 3115 998 3201 ἈθήνΙησιν
1023 3115 1172 3200 ἄρχοντος
1189 3111 1308 3199 Κράτη-

240 3244 290 3293 τος
325 3228 442 3306 (suppl.
479 3224 611 3307 certum)
644 3221 684 3308 ἐν]
710 3222 802 3308 Δήλῳ
827 3223 859 3286 δὲ
884 3221 1054 3308 Βουφονιὼν
1079 3226 1136 3308 μὴν
1162 3221 1309 3306 ἄρχοντος

241 3324 403 3412 Εὒπτὲροο,
440 3333 557 3394 mensis
590 3332 729 3394 deliaeus
764 3333 935 3413 Buphonio
962 3352 1035 3394 eum
1061 3332 1157 3393 attico
1181 3332 1309 3409 Metagi·
1434 3408 1437 3415 .

240 3439 348 3499 tnione
383 3447 595 3519 comparatur,
629 3440 779 3500 Homolle
803 3442 886 3500 male
909 3439 1103 3517 excogitauit
1125 3439 1308 3518 Buphonio·

189 3586 192 3591 -
240 3564 314 3606 nem
346 3545 504 3607 deliacum
528 3551 651 3626 partem
674 3547 880 3625 posteriorem
905 3545 1143 3624 Metagitnionis
1166 3545 1254 3606 attici
1277 3550 1309 3606 et

240 3653 377 3730 priorem
401 3652 641 3713 Boedromionis
665 3652 953 3732 comprehendisse,
978 3651 1063 3730 quod
1089 3651 1218 3712 Clodius
1242 3652 1262 3711 1.
1286 3652 1306 3711 l.

240 3758 308 3819 sine
331 3760 456 3837 negotio
479 3759 633 3820 refutauit
655 3779 764 3820 ueram
789 3778 918 3820 causam
943 3779 1014 3819 eam
1038 3777 1106 3820 esse
1127 3757 1307 3830 ostendens,

240 3864 326 3943 quod
350 3866 430 3927 ratio
454 3865 663 3927 intercalandi
686 3866 756 3927 Deli
780 3866 843 3926 alia
866 3872 933 3926 erat
956 3871 1051 3942 atque
1075 3864 1219 3925 Athenis.
1257 3864 1307 3924 Ol.

241 3971 292 4045 86,
318 3971 337 4031 3
362 3992 483 4033 annum
507 3973 725 4033 intercalarem
751 3971 895 4045 Athenis,
921 3971 991 4031 Deli
1007 3991 1072 4031 non
1087 3971 1308 4031 intercalarem

241 4077 370 4138 Clodius
393 4079 510 4157 posuit,
535 4098 599 4158 quo
622 4080 707 4140 iacto
730 4098 816 4140 anno
839 4083 991 4156 sequente
1015 4078 1064 4139 Ol.
1090 4078 1143 4151 86,
1168 4078 1188 4137 4
1213 4077 1308 4137 Meta·
