3225 5034
670 420 847 479 *95*

227 597 270 669 H,
297 597 334 657 17
365 616 395 674 p.
423 596 463 656 14
487 596 592 657 Potter
615 603 731 670 narrat,
756 603 850 660 antea
872 598 999 675 cognita
1022 605 1095 659 erat.
1137 600 1192 676 qui
1215 600 1295 660 ritus

227 703 296 764 aliis
330 722 457 782 quoque
492 704 568 765 locis
596 705 768 764 inuenitur.
816 703 856 765 de
879 706 954 765 luou
977 705 1097 767 Cereris
1121 714 1152 767 et
1174 706 1295 767 Proser

225 811 310 889 p'inae
334 810 494 872 Potniensi
518 811 609 872 Paus.
636 812 693 885 IX,
719 811 749 885 8,
770 814 785 871 1
804 812 943 872 similem
960 813 1053 873 affert
1069 813 1293 874 narrationem.

226 917 266 977 ad
302 936 399 995 quam
435 938 502 977 rem
536 918 635 979 subus
660 913 692 985 ἐς
716 918 767 1000 τὴν
792 913 1009 978 &cccccccccc
1034 916 1118 987 ἔτους
1141 912 1222 997 ὥραν
1245 919 1296 980 usi

225 1024 289 1085 sint
326 1025 514 1094 Potniensis,
555 1025 752 1103 malignitate
790 1025 921 1094 librarii,
960 1028 1016 1105 qui
1052 1026 1150 1087 uerba
1173 1026 1296 1105 aliquot

225 1131 342 1205 omisit,
378 1133 548 1204 nescimus,
573 1133 634 1193 nisi
658 1133 756 1193 ritum
780 1139 816 1194 ut
840 1133 974 1194 Athenis
998 1133 1038 1193 ad
1063 1134 1293 1194 fecunditatem

224 1245 365 1317 spectare
389 1239 566 1317 suspiceris.
607 1239 667 1299 hoc
683 1258 808 1300 sacrum
825 1240 1151 1319 Thesmophoriorum
1168 1240 1296 1299 Preller·

222 1344 342 1407 Rohert
388 1347 413 1418 Ι,
461 1345 479 1405 7
484 1345 524 1407 79
565 1346 727 1424 piaculum
767 1353 869 1407 uocat.
932 1347 1108 1425 piaculares
1145 1346 1294 1407 uictimas

223 1471 296 1513 sues
331 1452 428 1513 fuisse
463 1460 574 1512 notum
611 1459 668 1526 est,
696 1453 751 1513 sed
779 1471 863 1532 saepe
886 1454 983 1514 etiam
1007 1453 1068 1514 diis
1092 1454 1213 1514 inferiis
1237 1472 1295 1532 pro

223 1566 327 1637 segete
347 1578 419 1621 sues
436 1561 567 1620 mactari
583 1560 737 1632 solebant,
755 1560 841 1637 quod
858 1579 906 1622 ex.
925 1580 950 1620 c.
968 1560 1002 1624 in
1018 1561 1108 1621 lastis
1126 1579 1295 1638 myconen·

222 1666 312 1727 sibus
327 1667 346 1725 l.
368 1669 407 1726 lb
425 1667 506 1744 (syll.
525 1664 682 1728 Dittenb.l
700 1665 793 1740 373,2
812 1664 887 1748 615)
904 1666 1019 1728 diserte
1036 1667 1163 1728 dicitur.
1200 1666 1295 1728 Thes·

222 1774 400 1851 mophoriis
434 1773 514 1833 ratio
548 1775 628 1834 sacri
664 1793 729 1834 non
764 1793 801 1834 ea
824 1781 900 1848 crat,
925 1780 961 1835 ut
985 1792 1056 1835 sues
1080 1779 1207 1833 tantum
1232 1773 1295 1833 dei-

222 1886 381 1952 cerentur;
418 1886 526 1959 postea
562 1881 702 1959 reliquiae
738 1882 877 1942 collectae
900 1880 1171 1953 subducebantur,
1196 1886 1232 1941 ut
1255 1880 1294 1941 iis

221 1981 399 2049 seminibus
427 1987 579 2048 admixtis
604 1989 715 2049 messis
739 1988 819 2048 bene
842 1988 991 2049 eueniret.
1017 1994 1049 2047 et
1064 1988 1151 2047 hunc
1167 2006 1295 2065 quoque
1338 2007 1341 2014 ·

221 2094 321 2154 ritum
345 2102 491 2155 sanctum
516 2113 582 2155 esse
607 2114 647 2154 ex
670 2114 707 2155 eo
730 2081 872 2174 apparet,
896 2094 981 2173 quod
999 2094 1140 2171 reliquiae
1158 2093 1295 2171 putridae

221 2202 286 2262 aris
320 2201 577 2280 imponebantur,
602 2208 773 2279 antequam
798 2201 1014 2263 disseminatae
1038 2206 1123 2262 sunt.
1171 2200 1210 2278 de
1233 2199 1294 2261 hoc

221 2308 297 2369 uide
322 2328 425 2386 'porro
460 2309 571 2368 Frazer
605 2310 671 2369 The
706 2308 820 2386 golden
857 2308 962 2386 bough
987 2308 1030 2380 II,
1056 2308 1098 2369 45
1123 2326 1192 2385 sqq.
1218 2325 1293 2385 prae·

220 2421 307 2476 terea
349 2416 518 2476 scholiasta
556 2417 674 2489 omnia,
718 2434 789 2494 quae
828 2421 943 2488 narrat,
984 2414 1023 2475 ad
1063 2414 1293 2475 fecunditatem

221 2522 391 2582 hominum
417 2529 448 2582 et
470 2523 590 2583 scilicet
612 2541 763 2601 pecorum
788 2541 915 2600 quoque
938 2528 969 2581 et
993 2521 1190 2582 fertilitatem
1208 2539 1294 2598 agro
1318 2592 1320 2595 .

220 2649 294 2690 rum
330 2629 564 2708 impetrandam
600 2630 703 2702 refert,
729 2628 814 2706 quod
838 2647 887 2689 res
911 2629 988 2707 ipsas
1012 2627 1211 2688 confirmant.
1260 2627 1293 2686 in

220 2737 273 2797 his
301 2719 490 2797 caerimoniis
514 2738 609 2796 etiam
639 2737 739 2814 phalli
763 2743 847 2809 sunt,
872 2735 956 2813 quod
982 2734 1121 2795 dilucide
1145 2734 1293 2811 exposuit

220 2842 333 2904 Rohde
356 2844 377 2903 l.
400 2844 419 2903 l.
438 2863 468 2922 p.
488 2844 549 2904 551
568 2861 614 2920 sq.
655 2843 813 2920 mysteriis
830 2843 1019 2902 Halimunte
1036 2841 1069 2901 in
1085 2840 1180 2900 demo
1196 2840 1293 2900 attico

221 2949 396 3021 celebratis
433 2969 504 3027 quae
531 2955 607 3010 sunt
629 2969 703 3028 pars
725 2948 1060 3027 Thesmophoriorum,
1087 2947 1211 3026 phallos
1234 2947 1292 3006 ire-

222 3065 355 3135 quentes
378 3057 476 3117 fuisse
500 3063 531 3116 et
554 3076 744 3135 magnopere
768 3057 870 3117 cultos
890 3074 957 3116 esse
973 3060 1130 3115 testantur
1146 3053 1292 3114 Clemens

143 3229 148 3238 ,
221 3165 312 3225 Alex.
348 3164 501 3242 Protrept.
538 3183 567 3241 p.
606 3164 647 3223 29
683 3163 788 3223 Potter
822 3169 853 3223 et
882 3161 1041 3223 Arnobius
1065 3160 1135 3220 adv.
1161 3165 1225 3219 nat.
1254 3160 1291 3233 V,

223 3271 275 3342 283
312 3290 350 3331 ex
385 3272 445 3330 hoc
480 3270 591 3331 Rohde
625 3271 645 3330 l.
683 3272 702 3330 l.
739 3271 894 3331 conclusit
916 3269 1004 3338 ritus,
1030 3286 1110 3345 quos
1134 3267 1291 3327 scholium

222 3377 381 3448 describit,
417 3377 458 3437 ad
482 3397 518 3437 ea
543 3379 693 3455 mysteria
716 3378 881 3456 pertinere.
929 3376 996 3435 iure
1020 3374 1123 3446 credo,
1148 3393 1223 3433 nam
1248 3379 1293 3433 ta·

221 3484 305 3545 libus
341 3484 455 3545 ritibus
490 3485 541 3544 hic
576 3484 643 3544 dies
679 3490 791 3563 praeter
822 3490 939 3544 ceteros
963 3480 1291 3560 Thesmophoriorum

220 3591 355 3668 insignis
389 3598 464 3663 erat,
501 3598 532 3651 et
569 3591 766 3652 Mommseno
801 3609 928 3669 quoque
963 3590 1071 3649 Heort.
1101 3609 1131 3667 p.
1159 3588 1200 3647 29
1225 3608 1290 3665 my·

221 3698 316 3759 steria
346 3696 524 3759 Halimusia
547 3697 709 3775 quondam
734 3699 783 3758 sui
807 3698 885 3757 iuris
909 3696 1005 3756 fuisse
1029 3695 1184 3755 iudicanti
1207 3714 1291 3773 pror·

222 3824 276 3866 sus
311 3806 472 3866 assentior.
531 3805 564 3864 in
603 3804 641 3865 iis
676 3811 789 3883 praeter
825 3788 969 3864 Cererem
1003 3810 1034 3863 et
1069 3802 1290 3881 Proserpinam

221 3912 407 3973 colebantur
431 3912 538 3972 Venus
562 3918 593 3971 et
616 3912 692 3984 deae,
718 3911 835 3989 quibus
859 3930 977 3970 nomen
1001 3910 1176 3988 perspicuae
1198 3907 1290 3985 signi·

222 4019 388 4092 ficationis,
413 4013 635 4084 severellam,
660 4018 799 4078 inditum
824 4023 898 4079 erat.

328 4126 377 4185 1111
416 4127 514 4186 altero
552 4126 682 4200 scholio,
718 4125 803 4203 quod
839 4124 951 4186 Rohde
986 4121 1095 4195 edidit,
1131 4142 1215 4183 noua
1251 4121 1290 4183 de
