3225 5034
714 382 891 445 „59-

265 538 267 543 Ι
377 564 423 624 De
453 560 711 625 Acharnensibus
745 560 842 638 igitur
865 560 1087 640 Aristophanis
1110 562 1223 639 agitur,
1248 562 1339 623 cuius

269 670 388 731 fabulae
422 670 525 748 priore
560 668 595 729 in
630 674 719 747 parte
745 686 777 728 u.
804 668 867 728 202
891 685 952 745 sqq
975 666 1163 747 Dicaeopolis
1186 667 1340 746 Dionysia

268 777 402 855 agrestia
448 776 594 850 celebrat,
637 774 671 835 in
712 774 884 853 posteriore
925 773 1027 835 Choes
1067 774 1134 852 agit
1174 793 1205 835 u.
1254 773 1339 836 1000

267 901 338 962 sqq.
362 882 523 961 queritur,
547 882 630 943 sitne
652 881 741 943 locus
755 880 843 941 idem
866 887 898 942 et
920 886 1048 958 tempus
1063 880 1149 941 idem
1166 900 1222 959 per
1237 888 1339 943 totam

269 989 423 1051 tabulam.
470 1008 535 1051 non
569 994 636 1050 tam
671 986 867 1049 confidenter
900 991 937 1048 ut
968 985 1194 1048 Bodensteiner
1216 1008 1247 1067 p.
1274 988 1338 1050 218

269 1114 408 1158 scaenam
443 1115 507 1157 non
543 1094 717 1181 permutari
751 1111 844 1173 posse
879 1124 922 1137 --
956 1093 977 1156 i.
1006 1112 1033 1155 e.
1058 1094 1135 1172 fingi
1158 1112 1222 1155 non
1246 1114 1339 1174 posse

268 1202 413 1264 fabulam
447 1202 510 1263 alio
543 1203 612 1264 loco
647 1207 743 1279 atque
777 1206 872 1261 antea
906 1200 956 1279 agi
990 1232 1034 1243 -
1061 1206 1198 1262 statuere
1222 1201 1336 1263 ausim.

268 1306 535 1390 (Saenenwachsel
573 1308 615 1370 ist
652 1307 796 1369 saenisch
830 1306 898 1367 und
934 1306 1105 1368 listhetisch
1142 1308 1336 1386 unmoglich,

268 1416 335 1477 und
370 1416 487 1478 ebenso
521 1415 738 1476 volllrommen
772 1413 833 1475 wie
867 1412 919 1474 die
954 1413 1083 1475 Einbeit
1103 1413 1159 1475 des
1182 1414 1273 1479 Ortes
1296 1416 1339 1477 ist

269 1522 320 1583 die
344 1522 400 1583 der
421 1519 509 1604 Zeit).
538 1541 615 1583 narn
639 1520 843 1599 Chodphoros
866 1526 898 1580 et
919 1520 1116 1582 Eumenides
1137 1520 1283 1600 AEschyli
1306 1528 1338 1584 at

269 1630 399 1690 Aiacem
430 1628 596 1708 Sophoclis
622 1627 704 1689 binis
727 1627 804 1688 locis
828 1627 879 1705 agi
902 1645 1029 1688 necesse
1051 1637 1114 1700 est;
1138 1628 1338 1689 comoediam

267 1736 365 1797 etiam
406 1738 524 1797 maiore
562 1734 690 1796 licentia
728 1734 792 1794 lrui
829 1739 961 1812 oportet.
1020 1733 1060 1794 de
1098 1734 1197 1796 Ranis
1235 1735 1338 1796 dicere

268 1843 358 1916 nolo;
384 1843 476 1904 binas
499 1843 582 1903 aedes
606 1841 651 1901 ibi
674 1846 711 1902 ut
733 1840 767 1901 in
791 1839 871 1901 Pace
895 1840 993 1902 tuisse
1016 1840 1119 1914 credo,
1143 1843 1183 1902 cl.
1208 1841 1336 1917 Robert,

267 1949 393 2026 Herm,
416 1948 529 2011 XXXI
552 1949 614 2009 551
641 1966 709 2026 sqq.
735 1965 833 2025 quare
855 1947 1114 2025 antiquissimam
1138 1948 1337 2009 comoediam

267 2055 361 2118 nobis
384 2062 543 2118 seruatam
567 2054 761 2133 plusquam
784 2072 851 2113 uno
873 2053 943 2113 loco
965 2053 1016 2132 agi
1040 2072 1131 2133 posse
1146 2073 1212 2115 non
1227 2056 1338 2116 statim

267 2167 299 2223 et
322 2161 460 2224 breuiter
483 2161 720 2242 repudiandum
743 2167 799 2222 est.
836 2165 927 2222 actus
950 2159 1069 2221 tabulae
1084 2161 1335 2234 consideremus;

267 2276 358 2330 actus
392 2286 445 2330 eas
468 2279 573 2347 partes
597 2268 679 2342 dico,
703 2287 783 2346 quas
806 2274 920 2329 cantus
943 2267 1031 2328 chori
1054 2269 1152 2329 solius
1175 2268 1209 2329 in
1233 2288 1338 2330 scaena

268 2376 428 2437 manentis
455 2375 623 2438 definiunt.
662 2375 697 2435 in
720 2375 826 2453 primo
849 2373 979 2435 comitia
1002 2374 1160 2435 habentur
1176 2382 1208 2436 et
1222 2375 1336 2437 foedus

267 2500 341 2543 cum
366 2481 545 2544 Laconibus
568 2480 759 2560 Dicaeopolis
782 2481 847 2542 icit.
872 2499 904 2542 u.
927 2480 990 2541 202
1009 2476 1070 2550 ἄξω
1086 2481 1124 2540 τὰ
1139 2478 1206 2541 κατ’
1225 2476 1337 2561 ἀγροὺς
1434 2565 1437 2569 ‚

268 2582 367 2648 εἰσιὼν
403 2584 554 2657 Acerbum,
590 2607 661 2667 quae
695 2589 730 2648 in
753 2593 827 2648 actu
850 2586 990 2648 secundo
1013 2588 1122 2648 lutura
1144 2588 1218 2662 sint,
1243 2589 1336 2667 signi·

267 2694 389 2758 fleatur.
428 2695 462 2756 in
485 2695 546 2756 hoc
569 2694 757 2774 Dicaeopolis
781 2693 935 2772 Dionysia
950 2695 1084 2771 agrestia
1100 2696 1165 2773 agit
1180 2703 1211 2756 et
1227 2701 1336 2757 contra

267 2801 486 2864 Acharnenses
509 2820 542 2863 se
566 2801 718 2862 defendit.
742 2820 774 2863 u.
800 2800 932 2861 sas-5
949 2800 1185 2878 Megarensibus
1201 2803 1336 2882 aliisque

267 2916 444 2970 mercatum
478 2908 583 2982 edicit,
616 2903 817 2969 Lamachum
841 2905 991 2968 excludit.
1038 2908 1185 2987 parabasi
1208 2914 1337 2970 cantata

266 3014 301 3075 in
334 3023 408 3076 actu
435 3015 527 3076 tertio
552 3023 710 3076 mercatus
732 3013 877 3076 habetur.
924 3014 959 3074 in
982 3009 1046 3075 fine
1068 3015 1165 3076 huius
1189 3021 1278 3077 actus
1301 3033 1333 3077 u.

268 3121 332 3182 060
366 3140 404 3200 sq
433 3121 536 3183 Choes
570 3121 737 3182 imminere
773 3121 977 3199 significatur,
1014 3122 1070 3200 qui
1104 3123 1138 3183 in
1173 3127 1247 3183 actu
1282 3140 1334 3202 po·

266 3233 383 3290 stremo
417 3228 624 3290 celebrantur.
673 3229 815 3309 primum
850 3227 890 3288 de
916 3229 986 3289 loco
1008 3246 1242 3307 quaeramus,a
1271 3244 1335 3307 quo

266 3339 394 3414 tempus
428 3354 493 3397 non
527 3335 640 3409 haaren
668 3353 765 3414 quare
787 3335 914 3396 etiamsi
941 3334 1064 3396 Gilhert
1086 3336 1333 3414 Dicaeopclidem

266 3442 400 3521 agrestia
433 3442 586 3521 Dionysia
622 3441 755 3503 Athenis
786 3441 885 3519 egisse
908 3447 991 3502 recte
1014 3447 1116 3521 putat,
1139 3448 1248 3504 tamen
1272 3443 1335 3504 alio

265 3552 408 3627 tempore
445 3554 541 3627 atque
580 3548 781 3610 Anthestcria
819 3555 890 3609 acta
926 3566 994 3610 esse
1031 3555 1179 3628 possunt;
1219 3549 1335 3628 quodsi

266 3654 419 3733 Dionysia
453 3655 587 3733 agrestia
613 3673 688 3715 eum
711 3655 777 3715 ruri
800 3673 890 3731 agere
914 3648 1120 3716 statuendum
1144 3661 1201 3729 est,
1226 3657 1334 3718 minus

264 3760 429 3840 probabile
464 3762 575 3823 saltem
613 3761 648 3821 fit
682 3761 793 3822 eodem
831 3758 882 3821 die
916 3761 1059 3822 tabulam
1084 3763 1144 3841 agi.
1191 3763 1334 3842 primum

266 3867 589 3929 animaduertendum
624 3870 672 3929 est
706 3864 901 3929 orchestram
937 3887 1001 3929 non
1035 3886 1161 3948 semper
1194 3870 1334 3930 eundern

265 3972 372 4035 locum
406 3980 629 4054 repraesentare
664 3993 765 4054 posse,
801 3981 838 4034 ut
873 3973 941 4035 haec
968 3976 1161 4054 permutatio
1184 3976 1334 4055 quaedam

265 4080 326 4141 loci
361 4082 425 4143 liat.
472 4101 549 4142 narn
583 4082 617 4143 in
644 4087 717 4142 actu
745 4081 850 4160 primo
872 4081 964 4160 Pnyx
987 4088 1044 4157 est,
1069 4082 1184 4144 deinde
1207 4082 1333 4144 etiarnsi
