3225 5034
689 352 938 460 -21-'

243 599 309 658 esse
333 579 436 640 dicere
460 579 621 650 uoluisset,
646 582 702 637 aut
726 570 807 657 ἀρχὴ
833 571 969 635 ἐνιαυτοῦ
993 585 1049 637 aut
1073 583 1190 655 πρῶτος
1211 584 1310 659 μηνῶν

243 686 433 765 scripsisset;
459 679 541 767 ἀρχὴ
566 690 665 766 μηνῶν
690 682 819 744 delendi
842 683 962 760 nequit.
1010 682 1066 743 sed
1090 678 1172 766 ἀρχὴ
1197 691 1310 765 χειμῶ-

243 811 293 861 νος
328 792 401 853 111111
435 790 556 869 aliquid
583 790 712 870 praebet.
760 808 836 850 nam
860 789 1030 864 Boechhi0,
1055 791 1109 868 qui
1133 811 1164 870 p.
1191 789 1231 870 77
1257 792 1309 852 Le·

242 918 388 960 naconem
411 906 448 959 ut
471 898 690 960 Gamelionem
714 897 845 956 initium
876 896 991 956 hiemis
1019 915 1086 958 esse
1102 897 1189 971 dicit,
1207 916 1310 959 assen-

242 1006 295 1068 tiri
330 1025 395 1066 non
430 1024 571 1084 possum,
607 1005 683 1082 quia
709 1003 763 1064 hio
787 1002 906 1063 mensis
929 1005 1036 1081 potius
1060 1023 1156 1081 quam
1181 1004 1310 1065 initium

242 1113 358 1174 hiemis
381 1112 485 1172 hiems
508 1111 662 1172 acerrima
684 1115 741 1183 est,
766 1110 894 1187 qualem
919 1128 993 1170 eum
1016 1110 1177 1171 Hesiodus
1199 1110 1311 1171 descri-

243 1219 300 1293 bit,
336 1227 367 1279 et
399 1223 491 1279 aetate
526 1218 697 1296 posteriore
721 1217 818 1277 etiam
841 1216 876 1276 in
899 1235 955 1276 uer
978 1217 1130 1295 primum,
1154 1222 1190 1278 111
1216 1224 1310 1277 antea

245 1324 455 1399 Anthesteri0,
480 1323 649 1385 incidebat.
698 1324 789 1384 aliter
811 1323 872 1384 hoc
895 1322 1122 1402 explIcandum
1146 1331 1202 1385 est.
1243 1324 1310 1384 haec

244 1434 341 1494 uerba
364 1432 616 1493 enuntiationem
641 1429 889 1509 subsequuntur,
915 1430 948 1490 in
972 1449 1036 1508 qua
1051 1450 1169 1490 nomen
1186 1431 1309 1490 Lenaeo·

245 1539 294 1600 nis
310 1558 327 1599 e
342 1538 505 1600 uindemio
521 1537 692 1611 deriuatur,
711 1556 808 1615 quare
824 1536 865 1597 ad
881 1536 964 1596 hanc
979 1537 1035 1596 illa
1050 1541 1191 1615 spectare
1204 1537 1311 1597 uerisi-

247 1646 320 1707 mile
347 1646 396 1707 sit.
425 1644 589 1705 uindemia
617 1651 725 1704 autem
750 1645 904 1704 Lenaeone
928 1662 992 1703 non
1016 1643 1113 1703 fiebat
1122 1639 1153 1725 ¹),
1180 1643 1234 1704 sed
1259 1643 1311 1703 hic

246 1772 328 1812 error
350 1752 528 1813 scholiastae
551 1756 608 1823 est,
626 1751 681 1829 qui
699 1751 887 1810 Lenaeonem
905 1769 921 1810 e
941 1747 1031 1831 ληνῷ,
1048 1751 1145 1829 prelo,
1163 1750 1311 1811 deriuans

245 1876 386 1920 mensem
410 1858 617 1918 torcularium
641 1876 708 1917 esse
732 1856 875 1917 credidit.
917 1876 991 1918 cum
1007 1876 1080 1917 uuae
1096 1876 1186 1936 paene
1202 1857 1311 1931 statim

244 1965 408 2026 uindemia
431 1966 515 2025 iacta
539 1970 757 2043 premerentur
780 1959 822 2042 (u
848 1963 924 2025 Hes.
950 1984 1000 2042 op.
1028 1964 1091 2023 609
1116 1960 1206 2043 sqq.),
1233 1963 1311 2022 mul·

243 2078 315 2134 tum
348 2091 413 2133 non
445 2072 604 2145 intererat,
640 2077 748 2131 utrum
783 2069 983 2130 uindemiam
1007 2089 1048 2130 an
1072 2089 1251 2148 pressuram
1276 2075 1312 2131 ut

244 2198 373 2241 oausam
402 2178 537 2252 afferret,
562 2197 618 2238 cur
641 2195 657 2236 e
681 2177 768 2256 prelo
792 2196 910 2238 nomen
933 2176 1070 2254 petitum
1094 2183 1190 2248 esset;
1216 2170 1312 2234 εἰσκο·

245 2278 388 2366 μίξεσθαι
424 2278 468 2352 εἰς
502 2277 556 2342 τὸν
585 2281 675 2365 ληνόν
711 2286 775 2344 1010
810 2283 974 2344 intellexit.
1023 2303 1060 2343 ea
1093 2289 1210 2354 autem,
1240 2301 1311 2361 quae

244 2391 404 2453 Hesiodus
439 2390 478 2451 de
513 2389 676 2463 Lenaeone,
714 2409 823 2451 mense
857 2389 998 2464 hiemali,
1033 2389 1131 2450 tradit
1154 2409 1228 2450 cum
1251 2390 1312 2449 hac

244 2498 454 2576 explicatione
489 2497 701 2558 consocianda
736 2502 834 2557 erant.
882 2515 956 2557 cum
990 2497 1053 2557 illis
1084 2496 1311 2575 posterioribus

243 2592 441 2684 temporibus
475 2604 640 2664 uindemia
675 2604 765 2664 initio
796 2603 988 2664 Nouembris
1012 2602 1144 2663 demum
1168 2604 1312 2663 finIretur

244 2711 334 2792 (Prin.
372 2711 409 2772 N.
442 2711 483 2771 H.
509 2711 622 2771 XVIII
647 2711 666 2787 ξ
692 2706 767 2791 319)
792 2717 823 2770 01
846 2710 907 2771 hoc
931 2728 1039 2770 mense
1062 2710 1161 2788 frigus
1185 2728 1312 2788 quoque

244 2824 276 2879 et
310 2823 516 2898 tempestates
550 2816 703 2878 hiemales
736 2817 922 2896 inciperent,
958 2816 1070 2876 eodem
1098 2835 1207 2877 mense
1230 2835 1311 2876 uuas

244 2925 364 3004 percipi
400 2930 431 2985 et
465 2924 591 2985 hiemis
615 2924 745 2984 initium
780 2941 848 2984 csse
878 2923 965 2983 haud
989 2923 1096 3001 inepte
1120 2924 1312 3001 excogitauit

244 3031 423 3093 scholiasta.
470 3050 583 3091 uerum
607 3037 715 3093 autem
738 3038 867 3108 tempus
891 3030 1055 3090 Lenaeonis
1078 3049 1143 3090 non
1160 3048 1311 3108 cognoue-

243 3143 308 3211 rat;
342 3145 378 3198 ut
402 3138 590 3199 Plutarchus
614 3137 773 3198 coniciens
796 3155 883 3197 uana
906 3135 1116 3197 similitudine
1140 3135 1312 3197 uerborum

244 3245 277 3305 in
301 3264 437 3305 errorem
460 3244 611 3306 inductus
634 3251 690 3305 est.

351 3352 453 3412 Multo
488 3350 647 3412 breuiores
682 3352 808 3412 Taetres
844 3346 915 3432 (IV)
950 3357 981 3411 et
1004 3346 1237 3429 -Moschopulus
1260 3345 1313 3431 (V)

244 3464 320 3520 sunt
350 3457 391 3518 ad
415 3458 447 3537 I,
472 3458 527 3536 qui
550 3458 611 3518 1100
635 3458 838 3519 enuntiatum
862 3458 1039 3518 omiserunt
1061 3461 1092 3517 et
1116 3476 1189 3517 cum
1214 3460 1310 3534 etym.

245 3584 361 3642 magno
397 3563 611 3639 Ambrosiam,
647 3566 766 3626 festum
791 3565 917 3640 Bacchi,
942 3564 1080 3624 afferunt
1104 3598 1146 3606 -
1170 3563 1313 3641 loquitur

244 3672 370 3732 Tretzes
404 3671 501 3732 etiam
534 3671 573 3731 de
606 3672 770 3732 uindemio
794 3706 837 3714 -
861 3671 915 3732 sed
940 3690 977 3731 ea
1000 3690 1071 3749 quae
1094 3670 1215 3731 habent
1238 3689 1312 3730 curn

178 3820 181 3823 -
245 3777 355 3838 ceteris
390 3778 602 3839 consentiunt.
650 3779 682 3839 id
708 3778 793 3857 quod
818 3784 857 3839 et.
883 3797 989 3855 magn.
1014 3777 1143 3857 praebet,
1169 3795 1312 3837 mensem

245 3904 262 3944 a
297 3885 389 3958 festu,
418 3885 469 3945 cui
492 3905 610 3946 nomen
637 3884 805 3946 Ambrosia
829 3889 904 3958 erat,
929 3885 1062 3946 traxisse
1085 3903 1203 3945 nomen
1227 3883 1313 3960 inep-

353 4111 372 4179 1)
393 4114 474 4165 Inlra
492 4115 523 4166 in
541 4114 624 4167 1111110
643 4114 735 4167 tertias
754 4114 845 4181 partis
864 4113 900 4166 de
912 4117 1042 4179 tempore
1054 4112 1208 4165 uindemiae
1221 4125 1312 4175 agam.
