3225 5034
684 383 859 493 ,231-

232 602 375 690 μεγίστην
410 604 489 687 δᾷδα
519 602 628 689 ἔστησε
651 626 718 669 esse
735 615 855 687 polest,
880 616 990 670 ceterae
1012 610 1124 687 glossas
1147 627 1302 674 essenon

232 721 376 796 possunt.
422 716 449 777 si
473 715 545 793 quis
568 714 666 774 uerba
690 716 741 795 τὴν
764 713 922 776 θάλατταν
939 710 975 775 ea
990 711 1151 776 Διονυσίων
1167 713 1302 798 πλώιμον

232 816 309 882 εἶναι
344 823 501 901 explicare
531 822 644 895 uoluit,
669 840 748 882 num
785 816 989 888 Ποσειδεῶνος
1024 821 1061 882 τὰ
1084 818 1151 882 κατ’
1191 817 1302 902 ἀγροὺς

232 925 376 990 Διονοσια
410 929 557 1007 scripsit?
603 927 671 988 fieri
705 948 771 989 non
805 948 907 1008 posse,
936 935 972 990 ut
997 949 1104 991 mense
1128 930 1302 991 Posideone

232 1037 420 1114 nauigatum
455 1036 495 1096 sit
530 1031 581 1116 (cl.
618 1035 695 1097 Hes.
731 1054 782 1114 op.
820 1037 883 1097 618
911 1033 992 1116 sqq),
1017 1055 1081 1097 non
1105 1056 1191 1110 curo,
1215 1036 1301 1115 quod

232 1142 356 1205 Gilbert
380 1144 431 1204 hic
454 1142 493 1203 ad
519 1141 697 1203 calendaria
721 1142 838 1203 uitiosa
859 1146 1028 1221 confugere
1051 1149 1169 1222 potest3
1187 1143 1302 1223 quodsi

230 1251 304 1328 quis
338 1256 370 1311 et
402 1249 572 1310 scholiasta
594 1248 742 1327 inprimis
766 1246 909 1309 Διονὺσιοι
931 1256 1058 1310 tantum
1081 1251 1164 1329 legat
1187 1257 1219 1311 et
1241 1251 1302 1312 hoc

187 1381 190 1386 ’
232 1356 366 1418 uerbum
400 1356 558 1435 explicare
581 1356 668 1425 uelit,
693 1356 801 1417 statim
827 1356 866 1418 de
890 1356 1050 1435 Dionysiis
1075 1357 1198 1436 magnis
1221 1358 1300 1435 cogi·

232 1471 293 1537 tat3
330 1483 427 1541 quare
462 1464 494 1525 h.
515 1463 535 1523 l.
564 1464 633 1523 sine
649 1462 747 1523 dubio
764 1460 907 1523 Διονοσιοι
923 1458 1191 1545 Ἐλαφηβολιῶνος
1207 1464 1300 1543 scrip·

230 1570 334 1631 sisset.
381 1570 467 1631 unde
504 1563 715 1648 Ποανοψιιῑινος
750 1567 783 1628 δὲ
819 1564 1004 1648 τάποιτοὺριοι
1039 1571 1171 1644 uenerit,
1203 1571 1302 1632 nimis

230 1678 359 1756 spinose
394 1676 517 1737 tiilbert
551 1678 691 1754 exponit.
746 1676 878 1737 doctum
913 1677 999 1737 enim
1033 1677 1209 1751 hominem,
1245 1678 1301 1755 qui

230 1785 434 1844 enuntiatum
471 1784 630 1856 insereret,
666 1784 764 1844 fastos
788 1783 974 1862 inspexisse,
999 1790 1035 1844 ut
1057 1784 1194 1862 glossam
1220 1777 1301 1866 Βοη-

230 1888 398 1971 δρομιῶνος
432 1884 486 1970 μέν
521 1883 584 1948 ἐστι
619 1892 768 1971 μυστήρια
791 1890 931 1964 adderet,
955 1891 1043 1951 etin
1067 1891 1117 1952 his
1140 1891 1301 1952 transscri-

232 1998 345 2059 bendis
380 1997 486 2057 uerbis
521 1997 574 2057 illa
609 2015 745 2075 quoque,
782 2016 855 2075 quae
888 1997 979 2057 iuxta
1013 1997 1081 2058 haec
1115 1998 1299 2072 inuenisset,

158 2093 160 2097 ¹
231 2105 385 2183 recepisse
420 2104 527 2164 eredit.
576 2103 691 2181 quodsi
726 2105 881 2183 Apaturia
914 2111 946 2163 et
973 2104 1124 2181 mysteria
1147 2123 1186 2164 ex
1210 2105 1300 2167 lastis

231 2212 324 2291 petiit
357 2217 389 2270 et
423 2211 491 2271 haec
526 2209 566 2270 ad
601 2210 686 2271 iusta
707 2216 853 2290 tempora
875 2211 909 2271 in
932 2212 972 2272 iis
995 2212 1092 2272 relata
1116 2217 1201 2285 sunt,
1226 2211 1301 2273 lasti

231 2318 307 2378 iusti
334 2318 473 2389 luerunt,
497 2317 595 2377 utils
619 2316 716 2377 fidem
740 2318 923 2378 habendam
946 2337 1013 2379 esse
1036 2325 1196 2397 appareat.
1244 2317 1299 2380 sed

231 2425 367 2487 Gilberti
402 2423 501 2501 gratia
529 2443 582 2484 eos
605 2424 639 2485 in
663 2425 824 2503 Dionysiis
847 2425 1023 2502 agrestibus
1046 2425 1124 2504 ipsis
1147 2425 1300 2486 errauisss

230 2532 408 2593 credamus.
463 2531 603 2592 licuisset
637 2532 779 2605 tortasse,
815 2532 841 2593 si
876 2533 946 2593 aliis
981 2532 1110 2594 inuictis
1144 2533 1300 2610 certisque

229 2639 426 2716 argumentis
451 2638 640 2698 sententiam
665 2639 776 2699 fulcire
800 2639 968 2717 potuisset3
990 2639 1044 2699 sed
1062 2639 1184 2699 etiamsi
1204 2639 1299 2701 huius

229 2745 368 2806 auctoris
392 2745 508 2805 ueteris
531 2745 610 2805 ratio
634 2765 697 2805 non
722 2744 867 2817 habetur,
891 2753 976 2806 recto
999 2745 1063 2805 talo
1087 2765 1151 2805 non
1174 2754 1246 2806 stat.

338 2852 409 2912 Hoc
432 2853 518 2912 enim
543 2871 559 2911 e
582 2851 766 2913 testimonio
789 2852 965 2913 certissimo
985 2852 1200 2932 inscriptionis
1217 2851 1298 2926 cm,

231 2959 274 3028 11,
315 2959 378 3019 578
418 2956 551 3039 (XXXI)
586 2965 719 3033 constat,
755 2978 827 3037 quae
862 2959 959 3020 finem
992 2959 1066 3020 huic
1101 2958 1298 3037 disceptatio

231 3066 265 3125 ni
299 3065 446 3143 imponit.
493 3084 565 3144 quae
599 3066 753 3144 quoniam
786 3067 920 3126 inuenta
953 3075 1001 3126 est
1030 3067 1109 3137 loeo,
1133 3065 1189 3143 qui
1213 3083 1299 3127 nuno

232 3173 434 3249 hlarcopnlus
469 3172 593 3242 dicitur,
631 3172 685 3232 ubi
720 3173 798 3233 olim
833 3173 913 3233 situs
948 3178 1014 3233 erat
1042 3172 1224 3251 lllyrrhinus
1248 3171 1299 3232 de·

230 3297 314 3351 mus,
338 3278 434 3339 huius
459 3279 530 3356 pagi
556 3278 716 3339 decretum
741 3298 808 3340 esse
832 3285 973 3358 apparet.
1020 3279 1158 3339 Koehler
1177 3279 1211 3339 in
1228 3278 1299 3340 CIA

229 3384 265 3444 in
299 3404 336 3444 ea
370 3384 409 3446 de
445 3384 707 3446 administrandis
742 3386 815 3465 pagi
849 3387 993 3465 pecuniis
1025 3387 1123 3448 statui
1150 3386 1241 3460 dixit,
1266 3391 1299 3447 at

229 3492 327 3570 paulo
350 3491 441 3551 aliter
464 3491 649 3569 accipienda
672 3498 728 3552 est.
768 3494 1000 3571 cumprimum
1018 3512 1298 3554 conexumrerum

228 3605 261 3660 et
277 3600 467 3659 sententiam
484 3599 661 3658 litterarum
678 3598 833 3676 dispicere
849 3619 1019 3677 possumus
1036 3634 1079 3643 -
1095 3619 1169 3659 nam
1187 3600 1298 3677 primae

228 3714 305 3765 sunt
339 3706 483 3767 euanidae
518 3740 561 3748 —
596 3706 629 3764 in
664 3705 887 3766 iusiurandum
923 3708 1105 3781 incidimus,
1138 3705 1224 3784 quod
1248 3706 1298 3781 iis,

229 3811 286 3888 qui
320 3812 629 3873 administrationem
665 3818 697 3873 et
731 3814 869 3874 rationes
897 3814 1059 3874 demarchi
1083 3814 1195 3893 prioris
1221 3813 1298 3874 anni

230 3917 475 3995 dispungehant,
501 3919 644 3980 dandum
676 3926 751 3982 erat.
791 3921 826 3980 hi
849 3926 934 3991 sunt,
959 3921 1014 3997 qui
1030 3939 1061 3982 u.
1082 3923 1121 3981 14
1138 3922 1299 4001 σονήγοροι

229 4031 261 4084 et
295 4025 350 4101 qni
382 4043 412 4084 u.
438 4025 476 4085 17
502 4018 530 4083 οἱ
554 4022 630 4084 δέκα
653 4019 681 4085 οἱ
705 4019 881 4104 αἱρεθέντες
905 4027 1119 4088 nominantur.
1166 4033 1237 4087 tum
1261 4030 1298 4086 ut

228 4129 420 4191 demarchus
458 4132 681 4193 iusiurandum
720 4138 837 4211 praeeat
871 4151 981 4192 eorum
1016 4151 1131 4209 eosque
1165 4133 1199 4192 in
1233 4132 1298 4194 sui·

1173 4253 1190 4305 6
