3225 5034
664 398 864 457 -101-

337 578 375 638 In
411 577 460 638 his
495 577 590 638 sacris
629 576 734 636 uerbis
769 572 917 653 turpibus
952 574 1081 634 feminae
1117 574 1299 647 utebantur,

227 661 301 762 ouae
325 692 361 745 ut
384 684 483 763 phalli
507 683 547 744 ad
571 684 650 744 ritus
674 682 715 741 ob
738 681 969 742 fecunditatem
994 681 1150 759 periectos
1166 681 1301 759 pertine·

230 790 322 862 bant;
340 790 477 851 eundem
495 810 615 851 morem
633 790 787 850 Italorum
800 789 898 849 fuisse
912 788 1110 866 Augustinus
1124 793 1231 848 narrat
1243 789 1263 847 l.
1278 788 1297 848 l.

229 918 260 976 p.
296 898 347 968 93,
372 916 510 976 eumque
545 896 641 957 etiam
677 896 831 973 Dionysia
854 895 988 973 agrestia
1011 894 1299 955 communicauisse

229 1024 356 1065 carmen
380 1003 519 1065 indicare
542 1004 679 1077 uidetur,
704 1002 789 1082 quod
814 1002 1002 1080 Dioaeopolis
1025 1021 1056 1062 u.
1083 1002 1147 1062 263
1171 1020 1240 1080 sqq.
1265 1001 1300 1061 in
1388 1074 1394 1084 ἡ

229 1112 383 1172 honorem
418 1111 556 1172 Phaletis
591 1111 686 1185 canit,
723 1128 920 1188 quamquam
945 1108 1175 1187 Aristophanes
1198 1107 1231 1167 id
1254 1108 1300 1168 ita

230 1219 417 1296 composuit,
443 1224 479 1277 ut
502 1218 619 1279 fabulae
642 1217 837 1295 consilioque
861 1234 918 1277 suo
942 1222 1054 1295 aptum
1075 1221 1166 1277 esset.
1203 1215 1299 1275 Dicae«

229 1448 356 1513 cipiunt).
394 1447 448 1499 hoc
476 1445 641 1498 conuiuium
670 1461 729 1498 non
756 1446 797 1497 ita
825 1445 915 1497 multo
943 1448 1009 1511 post
1036 1443 1174 1511 Dionysia
1195 1459 1300 1508 magna

229 1536 402 1589 celebratum
431 1551 495 1588 esse
522 1540 651 1601 apparet,
680 1540 803 1585 τοσοῦτον
831 1533 924 1603 χρόνον
942 1533 1092 1586 dimidium
1112 1533 1172 1585 iere
1190 1533 1299 1586 mensis

229 1641 293 1678 esse
320 1630 424 1692 potest,
451 1638 545 1691 neque
573 1626 663 1676 multo
688 1624 802 1688 longius
821 1624 959 1690 temporis
978 1622 1104 1689 spatium
1123 1622 1299 1675 intercedere

229 1719 335 1781 potest.
372 1714 454 1766 alteri
473 1714 615 1778 conuiuio,
634 1714 671 1766 ad
689 1711 765 1779 quod
785 1712 924 1766 inuitatur
942 1711 1071 1777 Bacchis,
1090 1712 1151 1763 dies
1165 1711 1222 1763 iam
1235 1728 1299 1764 con-

229 1804 348 1856 stitutus
376 1808 421 1855 est
445 1801 472 1869 (ξ
500 1801 535 1868 8),
563 1818 649 1867 quare
678 1803 731 1854 hoc
759 1802 790 1854 in
819 1802 912 1854 Haloa
939 1802 957 1853 i.
986 1816 1010 1854 e.
1037 1801 1066 1852 in
1086 1816 1214 1853 mensem
1233 1804 1301 1867 post

229 1892 368 1959 Dionysia
391 1908 496 1957 magna
513 1908 621 1944 nonum
641 1891 756 1944 differre
774 1908 834 1944 non
852 1891 926 1944 licet.
963 1891 1149 1956 quamobrem
1167 1906 1237 1942 uera
1255 1894 1300 1942 est

229 1982 391 2034 emendatio
413 1981 561 2034 Piersonii.
599 1982 711 2033 Adonis
729 1982 816 2034 Thuc.
837 1975 887 2045 VI,
906 1979 941 2032 30
960 1996 1024 2033 oum
1044 1980 1117 2033 Plut.
1137 1981 1197 2033 Alc.
1218 1979 1252 2032 18
1271 1984 1301 2032 et

229 2071 290 2122 Nic.
320 2071 354 2123 13
375 2071 478 2123 collato
506 2071 600 2123 media
628 2074 726 2123 aestate
744 2069 853 2138 (θέρους
874 2068 1027 2138 μεσοῦντος)
1044 2073 1108 2121 acta
1126 2085 1190 2122 esse
1208 2070 1298 2135 sequi-

229 2165 283 2223 tur,
313 2160 368 2212 nisi
397 2161 544 2212 memoria.
563 2160 746 2213 Plutarchum
776 2165 826 2212 aut
844 2176 929 2225 quem
948 2160 1078 2225 sequitur
1096 2164 1241 2211 auctorem
1261 2159 1298 2211 te-

228 2248 312 2315 fellis,
332 2255 364 2302 ut
382 2250 437 2302 hoc
457 2249 542 2302 modo
561 2265 602 2314 ea,
623 2265 686 2314 quae
706 2250 736 2301 in
755 2249 902 2315 Aristoph.
921 2250 986 2316 Lys.
1006 2266 1033 2301 u.
1052 2248 1105 2301 389
1124 2264 1176 2314 sqq
1190 2253 1298 2312 extant,

228 2339 303 2394 falso
330 2338 575 2405 interpretaretur,
605 2338 682 2404 quod
701 2339 858 2405 praesertim
878 2338 903 2390 si
924 2339 983 2390 Alc.
1005 2337 1037 2390 18
1056 2338 1200 2405 respicias,
1221 2338 1299 2391 haud

229 2399 383 2508 abhprrere
396 2427 519 2479 uidetur.
543 2432 634 2494 poetae
648 2427 814 2480 testimonio
828 2428 964 2480 maiorem
978 2444 1063 2493 quarn
1077 2428 1300 2481 Preller·Robert

228 2517 332 2582 1,362,
352 2533 417 2568 anu.
440 2518 453 2568 1
473 2517 559 2569 fidem
579 2517 742 2569 habendam
762 2532 826 2568 esse
845 2532 956 2569 censeo.
985 2534 1052 2569 nam
1072 2535 1095 2569 a.
1115 2517 1165 2569 411
1187 2534 1211 2569 a.
1231 2517 1297 2571 Chr.

229 2622 257 2658 n.
277 2606 302 2657 si
322 2606 385 2671 quis
404 2606 440 2658 de
459 2606 643 2673 expeditione
662 2606 770 2659 sicilico
788 2607 901 2659 locutus
915 2607 961 2673 sit,
975 2607 1010 2659 de
1023 2607 1123 2659 ordine
1136 2612 1298 2673 temporum

229 2710 322 2747 errare
349 2711 408 2747 non
435 2695 523 2747 licuit.
561 2711 627 2747 cum
655 2696 751 2761 plures
780 2696 816 2747 de
844 2696 920 2748 bello
948 2696 1096 2748 contiones
1116 2696 1297 2759 haberentur,

228 2789 351 2850 tempus,
381 2785 416 2836 ad
444 2784 520 2849 quod
548 2784 755 2851 Aristophanes
783 2790 903 2852 spectat,
932 2800 966 2837 eo
995 2784 1136 2846 posterius
1158 2784 1221 2848 ruit,
1241 2800 1298 2849 quo

227 2874 316 2925 Thuc.
346 2874 394 2939 Vl,
422 2872 439 2924 8
467 2874 575 2938 legatos
604 2873 734 2926 eSicilia
755 2874 875 2926 rediisse
903 2878 1000 2926 narrat
1025 2875 1081 2939 (rob
1101 2871 1297 2942 ἐπιγιγνομένου

228 2960 327 3030 θέρους
356 2960 413 3030 ἅμα
441 2956 504 3032 ἦρι).
551 2968 617 3029 post
644 2963 782 3030 Dionysia
811 2979 916 3029 magna
943 2978 1021 3015 mare
1048 2962 1210 3028 nauigabile
1237 2968 1298 3015 erat

227 3052 357 3118 (Theopr.
387 3051 470 3103 Char.
499 3051 559 3117 HI),
578 3057 611 3104 ut
629 3052 733 3119 contio,
753 3053 788 3104 de
807 3068 864 3118 qua
882 3052 1016 3119 loquitur,
1035 3067 1135 3105 meuse
1154 3051 1214 3103 fere
1232 3056 1299 3118 post

228 3140 281 3192 illa
308 3140 408 3193 habita
435 3157 498 3193 esse
525 3145 632 3208 posset,
651 3158 773 3207 quocum
793 3142 866 3195 ratio
885 3143 1056 3208 temporum,
1075 3157 1160 3207 quam
1181 3141 1298 3194 exhibet

228 3230 353 3295 epistula
382 3230 574 3297 Alciphrouis,
605 3231 713 3297 optime
744 3231 895 3284 consentit.
943 3246 1030 3296 quare
1058 3230 1171 3283 Adonia
1198 3245 1297 3283 mense

227 3319 423 3385 Munychione
451 3320 497 3372 uel
520 3320 708 3385 Thargelione
727 3321 870 3373 celebrata
889 3336 952 3373 esse
972 3325 1049 3387 puto.
1086 3320 1167 3372 Plato
1186 3319 1296 3372 Phaedr.

228 3425 256 3474 p,
285 3407 338 3460 ‘276
365 3409 389 3459 B
408 3408 444 3460 ad
463 3407 581 3461 alteram
599 3409 773 3462 sententiam
797 3410 1021 3463 confirmandam
1040 3409 1170 3462 adhiberi
1190 3409 1297 3475 nequit.

229 3496 311 3565 θέρος
336 3497 412 3549 iusto
440 3498 562 3564 tempori
590 3499 735 3564 sementis,
755 3499 832 3564 quod
851 3504 1006 3551 autumnus
1025 3505 1076 3562 est,
1097 3499 1251 3565 opponitur
1269 3502 1297 3550 et

228 3586 341 3638 Adonia
369 3586 437 3638 anni
456 3591 585 3653 tempore
604 3587 696 3639 calido
716 3593 779 3639 acta
798 3603 861 3640 esse
880 3588 1030 3653 significat,
1051 3588 1087 3640 ad
1106 3588 1182 3653 quod
1200 3587 1220 3638 ii
1239 3587 1297 3640 duo

228 3690 351 3739 menses,
380 3691 451 3740 quos
479 3676 613 3740 indicaui,
642 3676 728 3728 etiam
757 3677 910 3743 pertinent.
948 3693 1012 3729 cum
1041 3675 1158 3743 §Srbr
1177 3676 1227 3745 γὰρ
1246 3682 1297 3746 τῆς

227 3760 392 3833 Ἀφροδίτης
420 3762 551 3834 ἐρώμενον
578 3763 598 3834 ἡ
618 3762 743 3835 Θεττάλη
767 3762 871 3817 στέλλει
889 3766 1002 3819 Adonis
1020 3766 1213 3829 alexandrina,
1233 3781 1296 3830 quae

228 3854 344 3906 Theocr.
373 3855 438 3921 XV,
457 3871 484 3907 u.
505 3855 539 3907 78
557 3871 609 3921 sqq
628 3855 772 3922 describit,
791 3855 983 3922 comparanda
1001 3861 1077 3908 sunt.
1115 3872 1178 3908 cum
1196 3854 1296 3906 Halois

228 3944 371 3995 cohaerere
398 3960 512 3996 sacrum
530 3945 676 4011 tetrapolis
696 3944 790 3997 atticae
811 3941 863 4014 Γῆι
892 3943 920 4013 ἐγ
940 3942 1017 4012 γύαις
1036 3945 1144 3997 factum
1163 3944 1193 3995 in
1212 3943 1296 3995 titulo

228 4032 323 4084 Amer.
342 4034 442 4086 Joum.
461 4034 492 4085 of
510 4035 595 4085 Arch.
614 4034 651 4099 X,
666 4051 692 4100 p.
707 4033 759 4086 209
772 4049 825 4099 sqq
838 4034 964 4100 suspicio
977 4037 1089 4086 tantum
1103 4038 1147 4085 est
1159 4032 1204 4098 (de
1217 4033 1297 4084 Prott

228 4121 293 4173 fast.
313 4137 383 4173 sacr.
404 4139 431 4188 p.
450 4121 502 4188 52).

1007 4307 1020 4412 l
