3225 5034
730 371 932 435 -150-

298 550 396 637 ίοτμοι
426 550 479 613 καὶ
508 557 586 614 υιινεῐ
608 545 657 612 τὸν
680 546 768 621 οἶνον,
792 550 846 611 καὶ
869 545 886 611 6
910 557 1011 612 τοῦτον
1035 548 1186 635 διαφυγὼν
1205 546 1265 633 ἤδη
1282 546 1367 609 δοκεῖ

297 655 480 743 παραμένειν
503 660 644 740 βεβαίως.

403 766 421 819 l.
441 764 457 819 1
476 765 588 819 addidit
606 764 760 818 Meursius.

215 874 280 926 LVI
404 853 593 920 Plutarchus
628 857 745 930 Quaest.
782 875 887 935 symp.
924 856 1014 930 VIII,
1041 856 1091 916 10.
1106 867 1122 915 3
1139 880 1180 907 =
1193 876 1225 935 p.
1252 854 1366 916 735u

296 966 339 1046 (p.
364 966 417 1039 96,
444 964 520 1043 117)

403 1072 457 1132 καί
484 1072 542 1155 μὴν
566 1066 645 1131 οἴνου
669 1089 703 1146 γε
727 1070 775 1130 τὸν
798 1072 865 1130 νὲον
889 1063 918 1129 οί
940 1070 1128 1150 πρωιαίτατα
1143 1071 1276 1136 πίνοντες
1293 1064 1368 1127 Ἀν-

297 1177 477 1262 δεοτηριωνι
515 1179 632 1239 πίνουσι
666 1179 735 1260 μηνί
771 1177 847 1258 μετὰ
881 1184 1029 1259 χειμῶνα.
1075 1178 1127 1236 καὶ
1164 1178 1215 1259 τὴν
1249 1171 1368 1259 ἡμέραν

297 1279 415 1368 ἐκείνην
449 1281 538 1370 ἡμεῖς
566 1286 621 1367 μὲν
639 1281 770 1362 ,ἀγαθοῦ
795 1281 948 1365 δαίμονος,
974 1280 1140 1366 Ἀθηναῖοι
1164 1281 1196 1344 δὲ
1221 1277 1369 1359 Πιθοίγια

299 1393 565 1474 προοαγορευουοι.

199 1517 279 1569 LVII
407 1500 571 1563 Scholium
595 1499 696 1561 Procli
719 1499 760 1561 ud
784 1500 860 1560 Ηου.
886 1519 937 1578 op.
962 1504 993 1560 et
1016 1499 1046 1559 d.
1073 1499 1137 1560 366
1161 1494 1202 1577 (p.
1232 1495 1305 1578 116)

404 1607 458 1667 καί
492 1602 523 1667 ἐν
559 1614 622 1674 τοῖς
656 1607 792 1686 πατρίοις
827 1600 907 1666 ἐστίν
938 1600 1026 1687 ἑορτὴ
1051 1600 1208 1682 Πιθοίγια,
1231 1603 1307 1665 καθ’
1331 1602 1368 1688 ἣν

299 1709 365 1775 οὔτε
391 1709 510 1798 turp
534 1707 601 1774 οὔτε
625 1711 777 1795 μιοδωτδν
801 1708 909 1792 εἴργειν
933 1720 987 1795 τῆς
1006 1707 1205 1780 ἀπολαύοεως
1220 1719 1270 1772 του
1288 1708 1369 1772 οἴνου

300 1820 425 1904 θεμιτὸν
451 1815 499 1905 ἠν,
524 1816 607 1881 ἀλλὰ
630 1820 785 1888 θυοαντας
808 1828 883 1880 πᾶσι
907 1816 1099 1901 μεταδιδόναι
1122 1830 1173 1879 του
1197 1816 1294 1899 δώρου
1318 1830 1370 1879 τοῦ

299 1924 452 1990 Διονίνοου.

187 2052 281 2105 Lvm
407 2036 572 2099 Scholium
596 2036 715 2097 Tzetzae
738 2035 779 2096 ad
802 2035 823 2096 l.
848 2037 868 2096 l.
893 2031 935 2116 (p.
963 2029 1037 2116 116)

407 2139 437 2205 ἐν
461 2150 530 2211 ταῖς
552 2135 690 2224 πατρίοις
712 2150 769 2203 των
793 2136 949 2223 Ἑλλήνων
973 2135 1092 2221 ἑορταῖς
1116 2136 1246 2202 ἐτελεῖτο
1261 2144 1313 2202 νιαί
1329 2123 1365 2201 τὰ

299 2246 442 2312 ἀοκώλια
475 2250 529 2311 καὶ
562 2245 581 2333 ἡ
616 2248 755 2325 πιδοιγίοι
790 2243 835 2316 εἰς
858 2251 944 2331 τιμὴν
969 2243 1112 2308 Διονίνυου
1134 2249 1365 2325 (describuntur

301 2355 428 2441 ascolia)
462 2353 481 2442 ἡ
517 2356 656 2433 πιθοιγία
680 2354 713 2416 δὲ
735 2356 834 2417 ιιοινδν
857 2350 893 2439 ἧν
918 2359 1091 2438 συμπόσιον·
1117 2350 1287 2426 ἀνοίξαντες
1309 2356 1367 2436 γὰρ

300 2465 370 2533 τοὺς
394 2463 506 2530 πίθους
529 2472 603 2524 πᾶσι
626 2457 799 2546 μετεδίδουν
823 2470 873 2523 του
898 2459 1042 2524 Διον6οου
1066 2460 1253 2545 δωρήματος.

214 2589 281 2641 mx
407 2572 595 2633 Eustathius
630 2571 669 2632 ad
706 2572 744 2634 II.
780 2566 815 2645 Ω,
845 2571 919 2646 526,
944 2592 975 2651 p.
1003 2572 1098 2642 1363,
1112 2584 1145 2632 26
1169 2567 1211 2653 (u.
1235 2593 1267 2652 p.
1296 2573 1371 2649 116)

407 2679 447 2741 de
476 2698 548 2740 arca
571 2679 724 2739 Pandorae
747 2679 872 2739 locutus
896 2678 941 2740 sio
963 2678 1080 2758 pergit:
1105 2684 1155 2738 του
1181 2674 1213 2737 δὲ
1237 2677 1371 2738 τοιουτου

303 2794 358 2846 τῶν
380 2793 483 2845 κακῶν
508 2784 601 2845 πίθου
624 2781 671 2867 εἴη
696 2779 731 2844 ἂν
755 2785 809 2844 ναί
831 2779 1006 2869 ἡπιθυιγία
1022 2777 1079 2865 οὐχ
1095 2779 1275 2866 ἑορτάσιμος
1290 2786 1370 2845 κατὰ

301 2894 354 2976 τὴν
377 2888 447 2973 παρ’
475 2886 616 2973 Ἡσιόδῳ,
641 2887 672 2951 ἐν
695 2886 715 2972 ᾗ
739 2887 912 2974 ἀρχομένου
935 2891 1028 2951 πίθου
1048 2887 1141 2974 ἐχρῆν
1157 2891 1369 2972 νιορέννυοθαι,

302 2996 372 3061 ἀλλ’
400 2994 444 3068 εἰς
466 3000 499 3059 τδ
522 3007 581 3059 πᾶν
605 2994 755 3082 ἀποφράς.

570 3160 604 3235 C,
629 3161 667 3223 D.
717 3157 857 3223 Choes
881 3161 922 3222 et
943 3157 1101 3242 Chytri.

230 3303 283 3356 Lx
408 3285 572 3365 Aristoph.
596 3285 677 3346 Aeh.
704 3284 789 3347 1076
813 3304 859 3364 sq.
885 3282 926 3364 (p.
952 3286 1005 3361 64,
1032 3283 1106 3367 124)

408 3386 466 3453 tut
489 3392 560 3460 τοὺς
583 3387 670 3459 Χόας
693 3391 752 3472 γὰρ
775 3392 828 3452 καί
853 3387 990 3472 Χυτρους
1013 3385 1128 3452 αίντοῖοί
1151 3412 1195 3461 τις

407 3496 530 3584 ἤγγειλε
554 3497 670 3580 λῃστὰς
693 3495 838 3580 ἐμβαλεῖν
861 3493 1031 3568 Βοιωτίους.

408 3607 568 3686 Didymus
603 3625 656 3668 eos
688 3626 753 3667 uno
777 3606 829 3668 die
852 3612 939 3668 actos
962 3626 1029 3669 esse
1051 3607 1158 3682 tradIt,
1182 3627 1214 3667 u.
1232 3608 1282 3680 CI,
1301 3608 1369 3669 CII.

302 3712 348 3796 (p-
375 3716 437 3777 123
461 3713 544 3794 sqq.)

720 3840 753 3901 C.
802 3837 953 3903 ChoeS.

217 3980 284 4033 LXI
409 3966 544 4027 Bekkeri
568 3966 723 4028 anecdota
745 3968 761 4027 I
784 3987 817 4046 p.
841 3966 915 4028 316.

411 4067 502 4141 Χόες·
528 4067 617 4155 ἑορτὴ
643 4068 813 4156 Ἀθήνησιν
837 4066 1009 4157 αὐτογενής.
