3225 5034
781 398 958 457 ..94-

333 576 426 635 initio
450 575 640 636 Nouembris
664 575 837 654 incipiatur
860 583 892 635 ct
915 581 988 635 ants
1012 576 1183 637 solstitium
1210 577 1348 655 perlecta
1362 577 1403 639 sit

335 680 376 762 (u.
402 703 433 761 p.
459 683 500 743 88
524 678 620 761 ann),
645 690 677 742 et
699 682 832 743 Posideo
856 682 1023 743 Decembri
1046 683 1111 743 iere
1134 661 1322 762 respondet
1348 729 1349 735 ι
1400 733 1403 743 .

442 789 468 849 Ε
503 788 624 850 Graecia
652 790 836 867 exemplum
868 795 935 849 tam
958 789 1082 867 insigne
1106 791 1239 868 proferri
1264 807 1327 851 non
1352 810 1402 869 ρο»

334 902 408 967 test3
456 896 570 973 quodsi
615 895 790 974 reperimus
834 897 990 975 phallum‚
1030 916 1228 975 quamquam
1268 918 1331 957 non
1370 897 1404 958 in

334 1022 454 1081 pompa
477 1003 705 1074 circumfertur,
723 1003 757 1063 in
773 1003 844 1063 aliis
860 1003 957 1064 sacris
973 1003 1178 1064 fecunditatis
1194 1003 1404 1083 impetranda

335 1128 431 1170 causa
454 1110 524 1181 coli,
549 1129 585 1170 eo
602 1110 698 1169 etiam
717 1110 818 1187 magis
834 1110 1041 1171 confirmatur
1058 1111 1227 1171 consilium
1244 1110 1406 1189 Dionysiis

335 1216 510 1294 agrestibus
545 1216 631 1276 idem
666 1216 773 1276 luisse.
822 1216 1082 1295 Thesmophoria,
1119 1236 1191 1295 quae
1221 1217 1262 1277 ab
1286 1218 1406 1295 origine

336 1323 448 1400 segetis
483 1342 578 1383 causa
612 1330 681 1382 acta
717 1342 783 1383 esse
819 1323 1064 1384 Preller·Robert
1088 1324 1113 1396 I,
1139 1322 1202 1386 777
1227 1330 1329 1402 putat,
1355 1325 1407 1384 uel

335 1431 468 1490 forsitan
508 1430 678 1489 nunimum
714 1429 887 1490 inferorum
924 1430 1043 1490 festum
1078 1431 1176 1491 luisse
1212 1431 1326 1492 melius
1363 1430 1406 1491 d·i·.

336 1545 456 1607 cantur,
482 1533 599 1613 quibus
623 1535 736 1595 ritibus
760 1541 831 1595 acta
854 1537 927 1608 sint,
953 1538 1099 1598 certiores
1115 1557 1173 1598 nos
1191 1538 1266 1599 lacit
1283 1537 1406 1611 Rohdeq

336 1643 391 1720 qui
426 1642 490 1702 duo
523 1643 711 1719 grauissima
745 1643 866 1703 scholia
889 1643 1048 1704 Lusiones
1071 1644 1172 1704 edidit
1198 1645 1278 1705 Mus.
1304 1644 1406 1726 Rhcn.

277 1783 279 1788 >
336 1750 439 1821 XXV,
465 1749 528 1810 548
553 1768 622 1827 sqq,
647 1749 688 1808 ad
712 1749 786 1810 dial.
805 1756 927 1810 meretr.
948 1750 990 1823 ll,
1012 1745 1061 1830 11)
1078 1751 1118 1810 de
1134 1750 1406 1829 Thesmophorii'a

338 1856 409 1929 VII,
435 1857 455 1916 4
479 1856 518 1916 de
542 1856 664 1916 Haleis.
689 1857 723 1916 in
746 1857 838 1916 initio
862 1857 1122 1935 Thesmophoriis
1148 1876 1216 1918 mos
1241 1858 1339 1918 fuisse
1363 1856 1410 1917 di·

336 1964 427 2035 citur,
452 1971 488 2023 ut
511 1982 583 2023 sues
607 1963 675 2023 uiui
698 1963 731 2022 in
755 1964 923 2041 speluncas
939 1963 1096 2041 quasdam
1112 1964 1318 2035 deicerentur,
1336 1982 1410 2041 quae

336 2088 385 2129 res
420 2070 516 2130 etiam
552 2089 591 2129 ex
620 2070 729 2130 fabula
752 2070 935 2149 aetiologica,
961 2090 1058 2148 quam
1083 2071 1122 2130 de
1147 2071 1246 2131 subus
1270 2070 1410 2131 Eubulei

329 2155 402 2237 'una
436 2195 509 2236 cum
545 2177 732 2254 Proserpina
747 2161 749 2165 ⁵
766 2177 925 2238 deuoratis
961 2178 1107 2238 Clemens
1137 2179 1226 2237 Alex.
1252 2177 1407 2255 Protrept.

337 2328 447 2399 recepit
464 2334 658 2399 (Mannhardt‚
677 2334 865 2386 Baumcultus
885 2333 936 2386 397
957 2333 1027 2400 sqq).
1066 2336 1166 2387 eadem
1186 2335 1221 2385 de
1241 2350 1327 2385 causa
1341 2318 1410 2385 Ger'-

337 2423 415 2474 mani
445 2422 548 2487 pagani
577 2423 729 2474 simulacra
759 2423 878 2474 deorum
902 2425 1045 2489 perfines
1065 2423 1290 2475 circumuexisse
1310 2423 1416 2477 uiden.

337 2517 385 2563 tur
402 2512 449 2576 (cf.
468 2512 486 2563 l.
506 2512 523 2564 l.
543 2511 595 2564 567
615 2509 684 2576 sqq).
713 2512 784 2563 deus
804 2517 911 2577 noster,
931 2513 994 2578 Fre,
1016 2512 1110 2564 «euius
1127 2514 1209 2563 etium
1229 2510 1410 2564 simulacrum

333 2599 447 2668 fiapunt
475 2599 579 2667 inperiti
603 2599 731 2666 priapo»,
769 2601 877 2652 diserte
906 2602 1029 2653 traditur
1053 2602 1263 2653 circumuectus
1283 2617 1356 2666 esse,
1377 2606 1411 2653 ut

339 2705 421 2754 seges
441 2690 515 2741 bene
536 2689 673 2741 eueniret.

448 2776 466 2842 ¹)
485 2778 576 2830 Schol.
606 2779 641 2829 ad
670 2778 786 2830 Lucian.
815 2778 880 2831 dial.
911 2785 1022 2832 meretr.
1046 2780 1082 2845 Π,
1104 2781 1127 2845 1,
1151 2780 1168 2831 l.
1189 2780 1205 2831 6
1224 2795 1285 2845 sqq.
1306 2773 1343 2836 εἰς
1364 2759 1410 2828 οὖν

338 2866 418 2935 τιμὴν
436 2871 481 2916 τοῦ
502 2862 659 2932 Eteocleos
680 2865 830 2936 ῥιπτεῖσθαι
849 2867 909 2927 τοὺς
930 2866 1035 2937 χοίρους
1051 2863 1130 2926 elec&
1144 2868 1271 2936 χάσματα
1284 2873 1334 2936 τῆς
1349 2865 1410 2936 Δήἑ

340 2972 442 3025 μητρος
460 2954 505 3004 καὶ
524 2961 575 3022 τῆς
595 2951 696 3024 Κορης.
716 2955 748 3005 τά
762 2952 789 3005 δὲ
803 2956 918 3006 σαπέντα
932 2963 982 3006 τῶν
996 2954 1191 3025 ἐμβληθέντων
1206 2953 1243 3015 εἷς
1256 2958 1288 3007 τὰ
1302 2955 1410 3025 μέγαρα

290 3091 293 3100 ,
338 3044 562 3113 καταναρέρουσιν
591 3042 746 3113 ἀντλήτριαι
774 3042 938 3114 καλούμεναι
957 3050 1087 3115 γυναῖκες,
1107 3045 1312 3115 καθαρεύσασαι
1332 3051 1411 3114 τριῶν

339 3133 455 3204 ἡμερῶν·
475 3128 503 3183 αἳ
521 3132 722 3200 καταβαίνουσιν
743 3130 779 3193 εἰς
798 3135 831 3185 τὰ
851 3131 932 3186 ἄδυτα
952 3134 997 3185 καὶ
1018 3133 1192 3204 ἀνενέγκασαι
1207 3133 1354 3185 ἐπιτιθέασι
1368 3133 1411 3194 ἐπὶ

340 3230 390 3274 τῶν
419 3222 525 3291 βωμῶν·
552 3215 587 3272 ὧν
613 3221 745 3290 νομιζουσι
773 3226 816 3274 τὸν
845 3221 1016 3292 λαμβάνοντα
1045 3223 1090 3274 καὶ
1112 3230 1147 3292 τῷ
1169 3224 1254 3293 σπόρῳ
1275 3241 1411 3293 συγκατα-

341 3309 473 3379 βάλλοντα
503 3308 625 3380 εὐφορίαν
654 3311 725 3370 ἕξειν.
755 3342 786 3348 -
808 3343 840 3350 -
863 3343 894 3349 -
916 3343 947 3350 -
977 3314 1009 3363 τὰ
1029 3311 1055 3363 δέ
1076 3311 1143 3364 αὐτὰ
1162 3313 1207 3362 καὶ
1227 3311 1410 3381 ἀρρητορόρια

340 3398 469 3461 καλεῖται,
496 3399 541 3450 καὶ
569 3398 663 3468 ἄγεται
689 3401 733 3451 τὸν
760 3398 838 3451 αὐτὸν
867 3399 944 3470 λόχον
973 3399 1066 3470 ἔχοντα
1089 3402 1146 3471 περὶ
1166 3408 1215 3471 τῆς
1234 3408 1285 3452 τῶν
1303 3406 1411 3470 καρπῶν

336 3489 468 3574 χενέσειος
496 3490 541 3539 καὶ
569 3496 618 3559 τῆς
646 3495 696 3539 τῶν
725 3488 873 3557 ἀνθρώπων
897 3498 1003 3559 σπορᾶς.
1024 3489 1203 3560 ἀναφέρονται
1222 3489 1249 3540 δὲ
1269 3488 1411 3540 κάνταῦθα

341 3576 445 3648 ἄρρητα
473 3576 531 3648 ἱερὰ
560 3579 589 3629 ἐκ
617 3579 725 3638 στέατος
754 3584 799 3628 τοῦ
824 3577 894 3629 σίτου
913 3581 1159 3649 καταοκευασμένα,
1179 3578 1327 3649 μιμήματα
1346 3576 1411 3647 δρα-

340 3668 436 3718 κόντων
464 3668 509 3717 καὶ
538 3665 636 3736 ἀνδρῶν
659 3667 815 3738 σχημάτων,
844 3667 1008 3737 λαμβάνουσι
1028 3667 1054 3719 δὲ
1074 3669 1158 3719 κώνου
1178 3665 1300 3727 θαλλοὺς
1320 3665 1410 3718 διὰτὸ

341 3754 484 3826 πολύγονον
503 3763 547 3807 τοῦ
567 3761 654 3826 φυτοῦ.
676 3756 853 3826 ἐμβάλλονται
873 3755 899 3807 δέ
920 3758 965 3808 καὶ
984 3754 1022 3818 εἰς
1040 3759 1073 3808 τὰ
1093 3758 1199 3827 μέχαροι
1214 3756 1297 3816 οὕτως
1310 3754 1411 3806 καλού-

341 3864 408 3917 μενα
437 3844 519 3896 ἄδυτα
548 3845 633 3896 ἐκεῖνά
660 3865 688 3897 τε
716 3845 761 3896 καί
786 3837 881 3916 χοῖροι,
901 3843 1013 3918 ὡςῆδη
1034 3844 1143 3916 ἔφαμεν,
1162 3846 1208 3896 καὶ
1227 3843 1301 3897 αἰιτοὶ
1320 3844 1410 3895 διὰτὸ

341 3933 486 3986 πολυτοκον
506 3932 543 3994 εἰς
562 3934 690 4005 σύνθημα
709 3942 760 4006 τῆς
779 3936 908 4005 γενέσεως
927 3943 979 3987 τῶν
999 3943 1106 4006 καρπῶν
1125 3935 1170 3985 καὶ
1188 3943 1239 3986 τῶν
1253 3934 1411 4004 ἀνθρώπων,

285 4064 287 4072 ,
342 4024 379 4084 ὡς
398 4024 558 4094 χαριστήρια
584 4031 616 4093 τῇ
642 4024 776 4095 Δήμητρι,
796 4022 889 4096 ἐπειδὴ
908 4027 951 4076 τὸν
971 4024 1119 4095 δημήτριον
1138 4026 1236 4093 καρπὸν
1256 4023 1411 4093 παρέχουσα

341 4111 464 4183 ἐποίησεν
483 4112 586 4183 ἥμερον
604 4115 631 4164 τὸ
651 4121 701 4164 τῶν
721 4112 868 4183 ἀνθρώπων
887 4115 970 4184 γένος.
