3225 5034
744 327 923 389 ,gg-

300 509 401 581 detur,
426 513 462 567 ut
485 526 522 567 ea
544 506 584 567 de
607 525 703 567 causa
725 506 840 567 Lenaea
864 506 957 566 ferias
980 504 1165 566 torcularias
1186 505 1283 565 fuisse
1300 523 1371 564 cen·

299 622 375 687 seat,
400 633 437 673 ea
460 633 479 672 a
501 613 570 673 loeo
593 613 721 691 proprio
743 612 779 673 in
803 613 1024 673 Gamelionem
1048 597 1202 673 translata
1225 629 1292 672 esse
1315 630 1368 689 po

219 713 222 718 ’
298 720 441 781 nendum
466 725 522 779 est.
570 720 639 781 haec
662 720 819 781 sententia
836 720 962 798 Bergkii
977 725 1024 781 est
1042 718 1166 780 Griech.
1185 718 1245 779 Lit.
1263 718 1369 796 gesch,

298 827 358 900 HI,
387 827 426 886 16
450 846 509 904 sq,
534 826 589 904 qui
613 826 778 887 oraculum
802 825 985 905 delphicum
1012 826 1221 886 Athenienses
1240 825 1371 886 iussisse

297 939 391 1014 putat
414 933 528 993 Lenaea
551 933 584 992 in
608 932 747 992 hiemem
771 933 950 1002 transferre,
975 933 1068 993 utin
1091 932 1125 993 id
1149 939 1277 1011 tempus
1293 932 1370 992 inci·

298 1040 418 1113 derant,
443 1059 517 1100 cum
542 1039 628 1117 orgia
652 1038 767 1099 Bacchi
783 1039 817 1099 in
834 1038 988 1101 Parnasso
1004 1038 1245 1101 celebrarentur.
1282 1036 1368 1117 qnod

297 1147 426 1208 admitti
449 1166 513 1207 non
537 1152 651 1225 potest.
699 1166 774 1206 nam
799 1147 940 1225 primum
965 1147 1082 1208 mirum
1107 1153 1154 1207 est
1175 1146 1279 1220 ferias,
1297 1163 1371 1224 quae

297 1253 470 1316 uindemiae
504 1273 600 1314 causa
634 1253 819 1331 agebantur,
855 1273 873 1313 a
908 1254 1072 1314 uindemia
1099 1255 1218 1314 solutas
1243 1257 1274 1313 et
1297 1256 1369 1331 post

296 1362 331 1422 id
353 1368 492 1439 tempus,
510 1380 583 1422 cum
600 1360 725 1420 semina
740 1378 833 1420 nouae
848 1360 961 1437 segetis
976 1365 1067 1421 terrae
1084 1359 1322 1421 mandabantur
1335 1352 1369 1439 1),

297 1474 383 1529 actas
407 1486 484 1529 esse.
531 1485 625 1546 porro
648 1466 735 1543 orgia
758 1466 791 1525 in
816 1465 969 1526 Parnasso
992 1467 1074 1527 circa
1094 1467 1243 1527 brumam
1260 1462 1366 1547 (Ouid.

296 1574 381 1635 Fast.
418 1575 444 1648 I,
482 1573 566 1650 394),
596 1573 708 1633 Lenaea
732 1577 841 1632 autem
865 1571 915 1632 die
938 1573 1013 1633 XII.
1039 1573 1243 1650 Gamelionis
1259 1590 1371 1633 mense

295 1683 361 1744 fere
396 1687 468 1760 post
492 1680 639 1740 brumam
664 1678 914 1753 celebrabantur,
939 1686 976 1740 ut
998 1686 1143 1758 tempora
1166 1700 1231 1741 non
1255 1698 1369 1741 conue-

296 1789 397 1850 niant,
445 1787 582 1865 denique
605 1788 709 1847 ionica
735 1805 862 1865 quoque
885 1786 999 1847 Lenaea
1022 1786 1134 1886 eodem
1159 1793 1301 1866 tempore
1324 1792 1368 1847 at

297 1915 359 1973 que
395 1894 602 1955 Atheniensis
637 1899 706 1955 acta
741 1894 950 1971 cognocimus
958 1919 964 1966 3
996 1893 1052 1955 sed
1080 1894 1137 1954 uix
1161 1894 1228 1954 fieri
1252 1895 1366 1972 potuit,

296 2008 333 2063 ut
364 2007 492 2080 tempus
519 2002 671 2061 feriarum
694 2001 784 2061 iussu
807 2001 927 2060 oraculi
951 2001 1070 2079 ubique
1094 2007 1279 2061 mutaretur.
1327 2001 1370 2061 de

295 2108 426 2169 nomine
451 2109 569 2169 mensis
593 2127 623 2168 u.
649 2128 679 2186 p.
707 2107 748 2167 36
773 2126 846 2166 ann.
896 2126 1063 2185 quaecum
1088 2108 1134 2168 ita
1157 2109 1229 2180 sint,
1254 2108 1367 2168 Lenaea

296 2216 416 2276 festum
440 2215 646 2275 torcularium
670 2233 735 2273 non
759 2232 826 2273 esse
850 2221 990 2293 apparet.

406 2321 585 2398 Antequam
628 2319 668 2380 ad
704 2320 786 2379 festa
820 2320 945 2399 singula
980 2322 1194 2381 examinanda
1229 2328 1367 2396 transeo,

296 2429 398 2488 facere
422 2446 486 2486 non
509 2445 650 2504 possum,
675 2427 754 2504 quin
778 2426 818 2488 de
842 2446 919 2489 uoce
940 2424 1090 2506 τρυγῳδία
1106 2429 1226 2507 loquar,
1248 2428 1287 2488 de
1303 2447 1367 2506 qua

296 2540 328 2594 et
361 2540 483 2594 ueteres
517 2539 549 2593 et
580 2532 726 2613 hodierni
749 2533 811 2593 uiri
835 2533 919 2595 docti
944 2536 1024 2594 mira
1047 2535 1266 2613 prodiderunt,
1291 2555 1368 2613 quo

296 2641 383 2701 niam
401 2659 474 2701 cum
499 2641 681 2718 quaestione,
708 2639 747 2700 de
771 2659 836 2718 qua
859 2642 971 2718 agitur,
996 2661 1032 2702 ea
1056 2641 1294 2720 quodammodo
1319 2662 1368 2701 co·

295 2746 403 2808 haeret.
451 2767 525 2807 nam
550 2747 684 2825 scriptor
707 2747 746 2807 de
770 2767 851 2809 com.
877 2748 937 2822 ΙΙΙ,
964 2748 982 2810 7
1007 2748 1055 2809 ed.
1074 2747 1171 2808 Didot
1188 2748 1254 2809 baec
1270 2747 1367 2809 habet

296 2855 348 2937 τὴν
384 2846 476 2935 αὐτὴν
512 2850 544 2912 δὲ
579 2853 632 2912 καὶ
656 2851 820 2933 τρυγῳδίαν
845 2855 918 2936 φασί
943 2851 992 2913 διὰ
1016 2855 1048 2913 τὸ
1073 2862 1134 2919 τοῖς
1158 2847 1365 2935 εὐδοκιμοῦσιν

297 2955 345 3020 ἐπὶ
381 2968 421 3038 τῷ
456 2953 582 3041 Ληναίῳ
616 2958 745 3034 γλευκος
770 2957 922 3030 δίδοσθαι,
947 2955 1021 3039 ὅπερ
1045 2956 1175 3021 ἐκάλουν
1200 2962 1300 3041 spira,
1326 2982 1366 3022 ex

296 3068 415 3146 quibus
438 3067 661 3146 Kanngiesser,
687 3067 744 3126 Die
768 3070 830 3127 alte
855 3068 939 3127 kom.
965 3068 1078 3129 Biihne
1103 3070 1165 3130 227
1192 3075 1222 3129 et
1238 3068 1365 3129 Boeckh

405 3241 425 3309 ¹)
451 3244 597 3295 Hesiodus
625 3243 707 3295 iubet
725 3258 805 3294 arare
825 3241 961 3308 incipere,
981 3259 1037 3309 qua
1056 3260 1127 3296 uoce
1147 3248 1236 3296 totam
1256 3259 1367 3296 semen-

296 3337 356 3386 tem
384 3334 528 3399 significat
553 3332 665 3396 (Ideler,
689 3331 826 3384 Ohronol.
844 3332 867 3397 I,
886 3331 956 3398 242),
975 3333 1111 3399 Vergiliis
1130 3332 1290 3385 orientibus
1309 3333 1366 3396 (die

296 3422 348 3474 ΙΠ.
369 3423 439 3473 Νον.
459 3421 521 3482 iul.;
542 3437 587 3487 op.
607 3420 667 3485 384,
687 3419 750 3485 614)
767 3420 816 3472 nel
834 3436 904 3485 grue
923 3422 1130 3488 commigrante
1150 3423 1206 3488 (op.
1225 3421 1286 3486 448,
1306 3422 1366 3473 Ari·

296 3510 391 3576 stoph.
420 3510 473 3562 Au.
500 3510 568 3574 710).
606 3525 700 3576 neque
727 3509 752 3561 is
779 3524 873 3575 neque
893 3510 974 3563 Plato
991 3512 1112 3577 (Phaedr.
1133 3511 1185 3563 2ί6
1204 3511 1237 3573 Β)
1256 3526 1364 3562 semen-

241 3639 248 3658 ,
295 3603 356 3651 tem
374 3599 522 3650 uernalem
540 3598 666 3664 respicit,
686 3615 773 3664 quam
791 3599 987 3665 antiquissimi
1006 3617 1065 3653 non
1083 3601 1254 3666 cognouisse
1268 3600 1366 3652 uiden·

295 3690 351 3739 tur.
389 3686 502 3740 Gilbert
529 3705 555 3754 p.
580 3687 612 3739 15
631 3688 667 3739 ad
687 3703 750 3739 eam
770 3690 832 3740 Hes
851 3705 897 3755 op.
916 3688 969 3741 485
988 3706 1046 3741 non
1065 3695 1143 3742 recte
1161 3690 1258 3741 refert.
1297 3705 1365 3742 nam

296 3777 324 3828 h.
353 3776 371 3828 l.
399 3775 435 3828 de
463 3792 498 3828 co
525 3776 627 3842 agitur,
655 3777 704 3841 qui
727 3792 817 3841 serus,
838 3778 971 3845 solstiti0,
990 3782 1060 3844 arat,
1078 3775 1228 3846 (ὀψαρότης
1247 3795 1274 3830 u.
1294 3778 1364 3843 490),

297 3865 348 3918 sed
374 3865 465 3917 aratio
484 3865 619 3930 uernalis,
639 3866 746 3932 quippe
764 3882 828 3931 quas
847 3883 900 3919 suo
920 3872 1049 3933 tempore
1069 3868 1127 3932 fiat,
1147 3867 1286 3920 sotadici
1306 3884 1365 3919 non

296 3959 400 4020 potest.
430 3971 457 4006 u.
485 3954 538 4006 462
565 3955 602 4007 de
627 3956 733 4021 nouali,
762 3971 822 4008 non
843 3956 879 4008 de
897 3956 1027 4008 aratione
1046 3972 1144 4007 annua
1161 3957 1264 4021 agitur.
1302 3971 1364 4008 eu.

296 4043 349 4095 479
377 4060 438 4109 sqq.
458 4050 617 4096 sementem
636 4050 704 4097 ante
723 4045 856 4097 brumam
875 4047 980 4097 factam
1001 4060 1065 4097 esse
1084 4048 1217 4111 oportere
1236 4049 1364 4111 apparet.
