3225 5034
705 473 739 482 -·
759 459 800 497 III
821 473 853 481 ···

245 602 345 673 (1893)
366 623 392 672 p.
414 604 449 657 56
469 621 530 671 sqq.
551 620 615 657 cum
635 609 755 670 uterque
775 605 849 656 nihil
869 606 937 658 noui
958 607 1117 674 protulerit,
1137 609 1213 675 quod
1232 609 1317 663 maio·

245 706 285 757 ris
305 709 350 757 est
369 702 517 768 momenti,
537 718 587 754 eos
606 719 665 754 non
684 719 762 769 saepe
780 703 925 769 respicere
945 720 1018 771 opus
1037 710 1090 758 est.

354 802 437 864 Quod
459 802 646 867 questionem
667 802 703 853 de
722 801 903 867 temporibus
921 802 1122 867 grauissimam
1143 810 1319 870 pertractare

246 907 276 956 et
300 901 475 954 laboriosum
504 904 533 952 et
560 899 677 965 longum
708 904 777 965 erat,
804 900 913 951 factum
937 904 990 966 est,
1009 906 1042 953 ut
1060 902 1090 953 in
1110 903 1217 955 maiore
1237 908 1318 969 parte

246 998 496 1055 commentationis
524 1013 596 1051 meae
624 997 660 1050 de
688 1013 723 1050 ea
746 998 867 1063 egerim;
888 1014 925 1050 ex
943 1000 1122 1064 argumentis
1141 1001 1263 1065 quaestio
1281 1002 1318 1053 de

247 1113 347 1151 mense
375 1097 524 1158 Lenaeone
554 1112 616 1162 qua
644 1096 763 1147 maximi
787 1100 833 1147 est
852 1097 1000 1162 momenti,
1019 1102 1077 1149 tam
1097 1098 1243 1164 copiosam
1263 1098 1318 1150 dis·

247 1195 430 1261 quisitionem
451 1194 625 1260 postulabat,
644 1198 677 1245 ut
695 1194 721 1245 ei
735 1193 882 1259 propriam
896 1199 1006 1258 partem
1020 1195 1216 1248 attribuerem.
1248 1212 1316 1248 nam

248 1310 321 1359 cum,
341 1299 373 1345 ut
392 1296 523 1344 auctores
542 1296 664 1357 ueteres,
678 1292 725 1357 qui
740 1292 776 1342 de
790 1306 824 1342 eo
837 1306 938 1343 mense
952 1292 1041 1344 uerba
1054 1293 1173 1359 iaciunt,
1187 1299 1264 1346 recte
1277 1295 1317 1346 in·

248 1392 458 1457 tellegerentur,
484 1392 574 1442 fastos
594 1389 741 1442 boeoticos
761 1394 790 1441 et
808 1389 919 1441 ionicus
939 1389 1077 1441 adbibere
1096 1406 1216 1443 necesse
1230 1398 1316 1458 esset,

248 1489 398 1542 sententiis
417 1487 649 1553 discrepantibus
669 1487 705 1539 de
724 1487 759 1538 iis
772 1486 897 1552 primum
912 1488 1098 1553 quaerendum
1113 1494 1186 1552 erat;
1201 1491 1242 1541 sic
1255 1490 1318 1543 haec

247 1588 281 1639 de
307 1587 389 1638 iestis
408 1586 566 1651 disputatio
586 1585 627 1637 ita
645 1586 780 1650 accreuit,
799 1590 832 1637 ut
851 1600 913 1636 eam
934 1601 998 1636 cum
1019 1591 1159 1652 sequente
1178 1587 1208 1638 in
1228 1603 1316 1639 unam

246 1686 353 1751 partem
383 1683 630 1750 comprehendere
658 1683 736 1735 haud
764 1688 863 1749 aptum
892 1684 1048 1750 uideretur,
1072 1686 1232 1750 praesertim
1251 1702 1315 1738 cum

243 1783 304 1833 haec
332 1782 476 1833 mensium
506 1781 682 1833 examinatio
707 1796 880 1845 quamquam
900 1783 1064 1834 necessaria
1082 1799 1100 1835 a
1118 1799 1149 1835 re
1168 1784 1318 1850 proposita

242 1881 397 1932 admodum
417 1880 513 1931 aliena
532 1885 618 1931 esset.
655 1880 685 1930 in
706 1884 787 1945 parte
806 1879 897 1932 altera
916 1885 1011 1933 cetera
1030 1882 1197 1933 testimonia
1215 1888 1317 1949 tracto,

243 1995 305 2045 quae
333 1979 369 2030 ad
398 1983 530 2044 tempora
559 1977 760 2039 Dionysiorum
790 1977 956 2030 definienda
985 1979 1143 2044 pertinent;
1172 1980 1202 2031 in
1231 1982 1316 2033 tertia

243 2093 343 2129 eruere
365 2092 462 2139 conor,
482 2092 545 2141 quaa
564 2076 644 2139 origo
663 2090 783 2141 quaeque
803 2075 840 2126 ab
859 2075 969 2139 origine
988 2081 1091 2128 natura
1111 2077 1317 2144 Dionysiorum

242 2175 342 2232 fuerit;
372 2175 493 2239 quaestio
523 2189 592 2225 sane
621 2173 749 2225 difficilis
779 2179 808 2225 et
836 2174 934 2235 ardua,
961 2174 991 2224 in
1011 2191 1066 2240 qua
1086 2176 1162 2227 ultra
1180 2177 1219 2242 id,
1239 2178 1316 2242 quod

242 2273 399 2325 uerisimile
428 2272 552 2335 uidetur,
581 2286 656 2334 saepe
682 2271 797 2337 procedi
818 2287 876 2321 non
898 2276 1000 2336 potest.
1038 2272 1162 2338 denique
1182 2274 1258 2338 quod
1278 2276 1314 2326 ad

242 2387 288 2422 res
308 2369 508 2422 diiudicandas
525 2369 641 2421 maximi
663 2385 727 2420 esse
747 2369 885 2420 momenti
907 2385 1011 2421 censeo
1031 2371 1094 2422 sine
1113 2372 1228 2437 negotio
1242 2390 1316 2424 com-

243 2468 329 2534 periri
354 2484 448 2533 posse,
468 2483 530 2532 quae
550 2472 664 2518 ueteres
685 2467 720 2517 de
741 2467 786 2517 bis
806 2467 893 2518 rebus
913 2468 1048 2530 dixerint,
1067 2470 1234 2522 testimonia
1253 2487 1314 2524 auc·

244 2569 339 2615 torum
358 2570 387 2616 et
406 2564 533 2630 lapidum
554 2564 584 2615 in
604 2564 764 2629 appendice
784 2565 942 2630 composui,
962 2571 994 2617 nt
1013 2566 1097 2618 facile
1117 2576 1315 2635 cognoscatur,

246 2676 308 2725 quae
327 2662 363 2712 de
382 2663 467 2712 rebus
486 2662 608 2715 sinuulis
628 2663 733 2714 tradita
753 2663 820 2713 sint.

351 2759 534 2810 Incommode
563 2759 675 2824 accidit,
696 2765 726 2811 ut
746 2761 821 2811 banc
841 2761 1121 2825 commentationem,
1145 2779 1229 2828 quam
1251 2781 1314 2816 con-

246 2857 299 2908 ieci
328 2858 385 2908 iam
415 2858 505 2923 prima
527 2863 626 2925 aestate
646 2874 670 2909 a.
693 2858 978 2921 transcendentis
999 2861 1121 2923 negotiis
1142 2864 1313 2914 necessariis

246 2960 400 3020 occupatus
427 2971 503 3007 nunc
524 2958 645 3022 primum
667 2956 751 3007 edere
772 2972 895 3022 possem.
934 2974 999 3008 narn
1020 2958 1074 3009 hoc
1094 2960 1187 3024 spatio
1208 2967 1314 3027 tempo

245 3054 284 3105 ris
303 3054 379 3105 haud
399 3055 480 3120 pauci
501 3056 555 3107 uiri
576 3055 651 3106 docti
671 3056 701 3105 in
722 3060 849 3106 nostram
872 3071 930 3105 reni
950 3056 1172 3122 inquisiuerunt,
1191 3074 1313 3123 quorum

244 3153 402 3203 sententias
431 3157 497 3218 apte
517 3154 645 3204 inserere
665 3152 769 3203 librum
790 3154 957 3204 retractanti
977 3156 1100 3206 fortasse
1121 3172 1178 3207 non
1199 3173 1314 3223 semper

242 3249 312 3300 mihi
334 3251 460 3315 contigit.
489 3252 580 3315 prima
594 3257 655 3302 erat
669 3267 744 3302 noua
757 3252 846 3302 editio
862 3253 1052 3318 Heortoiogiae
1066 3254 1186 3321 disparsit
1199 3255 1313 3307 Monun-

241 3362 294 3412 aca,
324 3365 386 3413 quiae
416 3348 583 3399 inscribitur
613 3347 689 3400 Fcatc
717 3348 765 3400 der·
793 3348 876 3401 Sindi
902 3350 991 3401 Attea
1011 3355 1047 3401 im
1067 3351 1212 3405 Acerram.
1251 3355 1312 3406 haec

242 3461 327 3496 carisa
355 3453 408 3510 est,
438 3461 488 3496 cur
509 3444 630 3508 priorem
652 3463 764 3511 quoque
784 3447 940 3498 editionem
962 3464 1037 3514 saepe
1057 3451 1185 3512 afferam,
1206 3467 1261 3515 qua
1280 3452 1311 3502 in

241 3558 327 3608 opere
356 3543 532 3609 perficiendo
562 3559 631 3593 usus
660 3560 732 3595 snm.
771 3561 807 3595 ne
827 3546 905 3596 locos
925 3562 963 3597 ex
982 3547 1034 3598 hac
1054 3547 1156 3599 allatos
1175 3549 1312 3613 rictorem,

241 3641 326 3692 etiam
356 3656 390 3690 eo
410 3647 571 3691 coniuratus
590 3656 663 3701 sum,
683 3643 767 3705 qrrod,
787 3659 851 3707 quae
870 3643 905 3694 (le
925 3645 1034 3708 origine
1056 3653 1084 3696 et.
1103 3653 1205 3697 natura
1225 3649 1311 3698 festo·

240 3753 304 3787 rum
333 3742 440 3800 censet,
469 3738 497 3788 in
527 3738 616 3789 altera
645 3755 701 3789 non
732 3744 789 3790 tam
816 3742 965 3806 perspicue
985 3744 1119 3808 exposuit
1141 3745 1311 3808 Monrnmen,

240 3850 412 3899 quamquam
443 3836 514 3886 ratio
543 3837 605 3886 eius
634 3837 733 3887 eadem
758 3845 880 3889 constat.
918 3840 1022 3890 deinde
1043 3839 1206 3892 Fran-raas
1227 3840 1311 3906 Grai,

241 3932 388 3996 professor
416 3932 578 3998 Pincensia
608 3934 712 3999 publici
736 3935 806 3985 iuris
827 3937 896 3987 fecit
916 3935 1014 3988 Studia
1034 3937 1066 3989 dc
1085 3934 1241 4005 Ἀθηναίων
1262 3957 1311 3987 πο-

240 4023 323 4093 λιτείᾳ
352 4028 450 4093 lingua
479 4030 629 4084 bohemica
657 4034 828 4098 conscripta,
856 4035 884 4085 in
905 4036 1009 4100 uiribus
1031 4054 1056 4102 p,
1081 4038 1109 4089 Η
1131 4054 1191 4102 sqq.
1211 4036 1243 4087 de
1266 4041 1309 4087 ltr-

240 4124 307 4176 noeia
320 4129 346 4177 ct
359 4125 614 4193 detractassent.
635 4131 843 4182 humanissime
858 4139 957 4184 auctor·
970 4135 1162 4186 amicissimus
1177 4151 1310 4199 conspec-
