3225 5034
677 404 855 465 -93-

232 583 337 642 adorat
369 588 396 642 el
429 584 603 642 ananum
636 583 760 642 Grada
808 581 904 641 aliam
940 582 1154 642 narrationem
1189 582 1301 660 pretio·

232 689 390 750 sissimam
414 708 432 749 e
457 689 596 748 Varrone
620 688 752 767 petitam
777 688 817 748 de
840 689 938 749 simili
963 707 1049 749 more
1072 688 1179 750 italico
1198 707 1301 750 serua-

230 796 280 856 uit
301 796 499 872 Augustinus
523 795 583 855 ciu.
609 795 666 856 Dei
693 795 764 868 VII,
790 796 829 855 21
856 797 886 855 ln
909 797 1009 857 Italica
1024 797 1155 872 complue
1169 798 1301 872 paredam

230 903 302 962 atur
334 899 457 982 (Varro)
482 921 569 964 sacra
591 904 694 962 Inberc'
717 904 859 962 celebrata
881 923 944 963 curn
968 909 1048 963 tantu
1072 905 1185 963 licentia
1210 905 1299 978 turpi·

231 1010 347 1082 tudinis,
384 1015 416 1070 ut
448 1011 480 1069 ln
513 1011 575 1069 elue
609 1011 743 1069 honorem
761 1010 899 1084 pudenda
921 1010 1026 1069 uirilia
1049 1010 1216 1081 colerentur,
1244 1029 1300 1070 uon

228 1118 329 1176 sallem
352 1118 533 1192 aliquantum
556 1117 759 1176 verecundiore
780 1121 895 1188 semem,
919 1117 969 1176 sed
991 1117 1022 1175 lu
1040 1117 1198 1191 propatulo
1221 1118 1299 1176 exul-

230 1228 306 1284 tante
328 1225 464 1299 nequltia.
511 1243 579 1283 nana
603 1225 653 1282 troc
676 1229 760 1298 turpe
778 1224 935 1283 meruerunt
946 1242 1003 1297 per
1017 1224 1121 1281 Inbera'
1136 1224 1196 1282 dies
1207 1224 1301 1295 fectae

228 1348 292 1389 carm
315 1332 420 1389 honore
441 1349 543 1405 mapuo
562 1330 707 1406 plostellis
729 1330 896 1404 irnposltum
914 1330 1003 1404 priua
1025 1349 1096 1389 rure
1117 1330 1149 1389 in
1169 1330 1300 1404 campilia

227 1442 257 1495 et
277 1456 365 1512 usque
393 1437 425 1495 r'u
448 1439 546 1496 urbem
564 1442 666 1511 postea
689 1438 863 1495 uectabatur.
911 1437 940 1495 iu
965 1437 1070 1511 oppido
1095 1441 1189 1495 autem
1208 1436 1299 1496 Laui-

226 1544 277 1602 nio
309 1543 337 1618 (i
373 1544 491 1602 lauru'no
518 1538 567 1615 0¹3
593 1544 691 1603 lauino
715 1536 793 1613 C²A;
820 1544 938 1603 ulturno
961 1542 991 1602 K
1015 1542 1098 1603 Parr.
1124 1540 1202 1620 rell.)
1226 1562 1300 1603 unua

225 1650 334 1709 Itinera
370 1656 444 1710 tolus
477 1651 583 1710 nuncia
617 1652 805 1723 tribuebatur,
842 1651 924 1709 cuiue
958 1651 1056 1709 (luban
1086 1668 1181 1709 ornnes
1203 1651 1300 1711 uerba

220 1756 467 1830 Jlapllioalsslruis
504 1762 659 1829 uterentur,
696 1758 782 1816 donec
815 1759 890 1817 illud
923 1759 1081 1816 menbrum
1110 1776 1167 1831 per
1195 1758 1299 1830 forum

227 1868 420 1923 transuectum
454 1869 526 1923 esset
558 1870 642 1939 atque
676 1865 707 1923 in
742 1866 800 1924 loco
829 1882 880 1924 suo
904 1865 1065 1939 quiesceret.
1107 1865 1152 1924 cul
1174 1865 1298 1923 membro

224 1970 371 2030 iulonerto
406 1976 527 2030 maheru
556 1972 695 2043 familiar
725 1972 953 2030 honestissimam
971 1972 1074 2045 palam
1098 1989 1231 2030 coronam
1254 1990 1298 2029 ne

225 2095 301 2136 resae
323 2082 387 2135 erut
408 2078 561 2153 imponere.
608 2078 651 2137 sic
673 2079 806 2137 uulelicel
827 2078 918 2137 Liber
940 2078 1011 2136 dura
1020 2078 1184 2152 placandus
1195 2080 1301 2150 j'uerm

218 2202 281 2258 pro
315 2185 460 2243 euentibrn
492 2186 641 2257 seminum,
676 2187 719 2244 aie
752 2187 789 2244 ab
823 2186 904 2259 apris
934 2185 1094 2256 susurratio
1124 2185 1295 2258 repellenda.

227 2297 334 2350 utrum
371 2290 499 2369 phallus
530 2309 623 2351 curru
648 2291 793 2365 uebatur,
818 2310 859 2350 an
884 2290 1034 2350 manibus
1057 2298 1191 2368 geratur,
1217 2288 1297 2349 nihil

217 2395 366 2474 interest,
392 2416 494 2475 neque
518 2409 626 2458 utrum
650 2398 806 2477 oppidum
832 2417 873 2457 an
890 2397 1003 2458 demus
1020 2416 1173 2476 pompam
1190 2397 1296 2470 ducat,

225 2493 400 2581 quiequam
435 2505 530 2566 uolet.
578 2523 679 2565 mores
708 2523 827 2582 graecus
851 2510 883 2563 et
905 2504 1030 2564 italicus
1054 2504 1147 2582 plane
1172 2522 1297 2582 compa·

225 2609 318 2669 randi
341 2616 371 2669 et
395 2610 607 2689 componendi
632 2618 716 2685 sunt,
741 2618 869 2671 etcum
894 2611 1002 2671 statim
1024 2616 1175 2688 appareat
1192 2610 1295 2688 Augu·

225 2716 347 2776 stiuum
383 2736 503 2777 morem
539 2717 712 2778 rectissime
740 2718 911 2795 explanare
946 2715 1090 2795 phallum
1112 2736 1169 2791 pro
1194 2717 1295 2777 eueutr'-

226 2825 278 2884 bua
300 2825 438 2883 snnluurn
465 2824 659 2884 circumferri
685 2824 853 2896 dicentem,
879 2843 984 2883 nonne
1008 2822 1151 2901 sequitur
1173 2824 1296 2884 Atticos

225 2947 353 3007 queque
377 2920 532 3007 phanum,
557 2931 612 3009 qui
636 2931 808 3008 generandi
834 2931 899 2992 uim
925 2931 1065 3009 apertius
1088 2949 1186 3009 quam
1211 2948 1294 2990 uere·

224 3037 361 3097 oundius
396 3037 562 3113 significat,
598 3038 760 3117 Dionysiis
794 3037 970 3115 agrestibus
994 3038 1234 3107 circumtulisse,
1261 3042 1296 3097 ut

224 3143 337 3204 messis
360 3145 469 3221 opima
484 3151 624 3221 surgeret
639 3164 656 3204 e
672 3145 859 3218 seminibus,
876 3163 948 3223 quae
964 3163 1000 3204 eo
1016 3144 1086 3222 ipso
1102 3151 1244 3221 tempore
1260 3144 1294 3203 iu

224 3254 306 3309 terra
330 3248 562 3311 condiderant?
574 3246 597 3327 ¹)
620 3271 694 3311 nam
712 3251 873 3312 Hesiodus
890 3250 1074 3329 praescribit,
1092 3257 1128 3310 ut
1143 3252 1294 3311 sementis

226 3363 301 3371 Α--ψ
332 3366 341 3371 -

334 3406 352 3472 ¹)
378 3408 516 3473 Loquitur
544 3409 704 3473 Agustinus
723 3409 759 3461 de
773 3408 960 3475 fascinatione
978 3407 1055 3475 apris
1072 3407 1111 3461 sle
1129 3406 1293 3472 depellenda,

224 3497 301 3561 quod
332 3501 446 3549 ueteres
478 3498 590 3563 phallis,
623 3503 655 3549 ut
683 3496 848 3564 ἀποτροπαῐα
880 3502 987 3561 essent,
1015 3498 1101 3562 uulgo
1129 3497 1294 3585 utebantur..

224 3585 302 3637 hune
321 3602 430 3638 morem
450 3586 487 3638 ab
505 3603 540 3638 ea
559 3587 596 3651 ui,
616 3603 672 3652 qua
690 3587 897 3639 fecunditatem
918 3591 947 3639 et
966 3587 1088 3638 salutem
1108 3586 1221 3653 phallus
1235 3585 1294 3637 effi-

224 3690 289 3726 cere
317 3675 495 3738 credebatur,
525 3676 694 3741 prouenisse
713 3681 744 3727 et
762 3676 863 3727 eodem
884 3676 1004 3727 consilio
1023 3675 1118 3741 Priapi
1137 3675 1293 3739 imaginem

223 3763 255 3814 in
284 3764 377 3814 hortis
405 3769 542 3816 statutam
568 3780 633 3816 esse
653 3765 738 3816 credo
756 3764 856 3828 (ci'O.
875 3765 959 3816 Jahn.
980 3765 1044 3816 Ber.
1063 3766 1090 3816 d.
1110 3764 1204 3816 sache.
1225 3763 1291 3816 Ges.

223 3853 251 3903 d.
272 3852 357 3903 Wiss.
376 3869 411 3905 zu
431 3854 547 3918 Leipzig
567 3852 644 3916 1855,
663 3853 698 3904 68
717 3853 787 3919 sqq).
807 3882 841 3889 -
861 3870 995 3919 pompam
1015 3869 1066 3920 per
1079 3869 1163 3918 agros
1177 3854 1293 3904 ductam

223 3957 288 3993 esse
315 3942 438 3993 Athenis
466 3946 498 3994 ut
522 3942 633 3994 Lauinii
663 3943 819 3993 uerisimile
849 3948 900 3993 est.
939 3958 1045 4009 pompa
1073 3958 1225 4008 peragras
1245 3957 1292 3993 sas·

223 4031 343 4096 pissime
362 4031 593 4094 circumducitur,
613 4031 699 4083 utils
719 4031 939 4097 prosperitatem
954 4031 1108 4097 impertiat.
1140 4031 1181 4081 sic
1194 4031 1292 4082 Romae

225 4121 456 4186 Ambaruallbus‚
470 4123 506 4172 ci.
518 4120 656 4173 Catonem
667 4136 725 4186 agr.
736 4121 804 4172 cult
814 4119 913 4184 CXLI,
924 4125 954 4173 et
964 4121 1040 4173 hunc
1052 4136 1159 4173 morem
1171 4119 1293 4172 ecclesia
