3225 5034
679 402 855 471 ...65-

232 586 395 666 explicent
429 587 505 648 Hes.
541 592 573 648 et
606 591 647 648 et.
677 604 782 665 magn.
807 582 943 666 (XLVI).
991 594 1142 667 pretereo
1164 587 1225 650 boc
1248 602 1301 649 no

235 708 308 754 men
344 690 479 772 tegimus
513 694 547 755 in
581 693 758 774 prouerbiis
792 693 929 764 duobus.
953 708 1025 773 quoe
1048 694 1134 774 epud
1158 703 1302 757 auctores

232 816 311 861 serre
345 801 448 862 aetetis
473 805 585 862 extent
607 799 740 882 (XLVII
763 797 822 881 sq).
868 801 903 861 in
925 801 1030 863 titulis
1051 816 1115 863 non
1138 802 1302 864 inuenitur

233 906 294 967 nisi
318 906 408 980 Roes,
429 907 520 968 Dem.
537 927 568 987 p.
587 907 631 969 55
645 927 676 968 n.
695 907 738 968 29
753 924 790 986 sq
805 907 881 984 (LI),
898 907 953 986 qui
970 904 1071 969 aetetis
1086 927 1228 969 romanor
1242 913 1299 971 est.

230 1019 386 1087 auctores,
410 1014 467 1093 qui
490 1014 532 1075 de
553 1013 670 1076 ritibus
693 1014 968 1075 Anthesteriorum
992 1015 1176 1094 loquuntur,
1201 1016 1300 1076 nomi·

232 1119 329 1181 nibus
356 1120 481 1182 dierum
504 1121 704 1200 singulorum
725 1126 870 1194 utuntur,
894 1126 931 1181 ut
953 1120 993 1182 de
1016 1120 1161 1201 pertibus
1183 1127 1215 1182 et
1238 1120 1300 1183 die

232 1226 293 1288 bue
327 1227 479 1288 feriarum
513 1227 614 1306 megie
649 1246 747 1306 quam
782 1227 822 1287 de
856 1226 944 1289 feriis
967 1228 1041 1289 totis
1065 1229 1113 1306 egi
1138 1235 1300 1308 appareat.

231 1334 339 1413 itaque
363 1348 437 1396 eum
459 1350 579 1396 nomen
601 1334 700 1396 totius
723 1334 796 1396 festi
820 1352 885 1395 non
908 1334 971 1398 nisi
994 1335 1071 1397 setis
1093 1352 1164 1396 raro
1179 1336 1299 1398 inueni

229 1446 312 1513 etur,
349 1441 531 1503 mirandum
567 1456 633 1503 nen
667 1442 835 1521 estquod
860 1441 974 1503 Lenaee
996 1459 1061 1503 une
1084 1456 1157 1504 enm
1183 1443 1299 1504 Antbe

228 1548 334 1609 steriie
361 1568 426 1609 non
451 1554 752 1621 commemorantur,
778 1549 838 1610 nisi
862 1549 1083 1610 testimonium
1105 1550 1152 1610 ita
1174 1568 1299 1629 eompu-

230 1660 336 1715 retum
360 1662 416 1725 est,
442 1661 478 1716 ut
501 1658 612 1716 omnes
635 1655 730 1718 fertus
753 1656 805 1716 uei
821 1656 930 1716 omnia
946 1655 1099 1735 Dionysia
1114 1670 1299 1718 enumerare

227 1767 382 1840 oporteat.
431 1761 617 1823 huiusmodi
651 1770 698 1823 est
731 1764 836 1841 glossa
870 1763 925 1823 iile
952 1763 1068 1842 stepiue
1091 1763 1234 1843 repetite,
1259 1763 1298 1825 de

228 1886 295 1947 qua
312 1886 409 1948 supra
424 1889 454 1948 p.
473 1868 516 1929 44
532 1886 600 1948 sqq.
619 1868 687 1930 dixi
703 1864 906 1950 (xl-XIV).
946 1887 1045 1948 quam
1062 1868 1193 1941 Gilbert,
1211 1866 1298 1949 quod

230 1975 397 2037 sententie
420 1976 490 2036 eius
512 1982 587 2054 epte
609 1990 675 2036 non
698 1982 774 2050 erut,
798 1981 891 2036 antee
915 1975 1093 2051 damnauit,
1117 1988 1189 2037 eem
1212 1990 1300 2039 nune

227 2080 371 2156 adhibet,
406 2088 443 2143 ut
476 2083 679 2144 Antheeteria
712 2082 773 2144 snb
796 2082 926 2143 nomine
954 2083 1139 2143 lenaeorum
1163 2088 1293 2162 qureret.

229 2206 261 2267 p.
293 2190 356 2249 142
378 2206 424 2267 eq.
450 2190 558 2250 omnia
582 2189 736 2268 Dionysio
758 2189 969 2250 Amheeteriis
993 2208 1056 2250 non
1080 2190 1208 2252 omissis
1222 2206 1297 2251 enu

231 2296 345 2355 merari
381 2302 524 2375 oportere
559 2296 731 2368 contendit,
767 2302 799 2357 et
833 2296 860 2357 ei
894 2296 966 2375 quis
989 2296 1093 2370 feries,
1117 2315 1189 2375 quoe
1211 2296 1297 2360 ludis

228 2403 371 2464 scenicis
395 2401 559 2464 celebrato
582 2408 667 2476 sunt,
692 2408 820 2465 tentum
843 2404 1021 2464 enumerari
1046 2409 1145 2482 putet,
1163 2420 1239 2464 eum
1254 2403 1296 2464 ad

226 2509 396 2570 arbitrium
420 2526 516 2571 suum
539 2509 678 2571 iudicare
702 2506 788 2571 dicit.
837 2508 897 2571 hoo
913 2510 1058 2571 omittere
1074 2510 1155 2571 uolo.
1182 2511 1299 2571 ienaeo

229 2615 356 2694 publice
391 2615 428 2675 τὰ
464 2611 625 2697 ’euripum
658 2617 710 2678 uel
738 2616 776 2675 τὰ
803 2611 852 2676 ἐπὶ
876 2610 1001 2698 Ληναίῳ
1024 2614 1166 2676 Auertere
1188 2617 1296 2678 uoeeri

228 2723 479 2785 meminerimus.
536 2723 667 2796 aceedit,
706 2724 795 2802 quod
832 2742 944 2785 omnes
978 2724 1074 2797 ieriae,
1110 2724 1143 2785 in
1178 2723 1296 2803 quibus

228 2828 297 2889 ludi
332 2824 458 2890 serenici
492 2826 676 2908 agebantur,
711 2831 866 2909 Dionysia
898 2837 996 2892 erent.
1042 2830 1228 2909 quodcum
1250 2830 1298 2892 ite

227 2935 280 3008 sit,
315 2936 429 2997 Lenaee
464 2937 617 3016 Dionysia
650 2954 719 2999 esse
753 2938 963 2999 Athenienses
996 2937 1112 3000 oblitos
1139 2956 1205 2998 non
1228 2955 1297 2999 esee

227 3049 368 3121 apparet.
426 3044 530 3105 uoluit
567 3044 663 3123 igitur
697 3044 925 3122 grammaticus
959 3050 1066 3106 nostro
1100 3045 1171 3106 loeo
1203 3045 1294 3120 feste,

226 3167 300 3227 quee
334 3150 487 3228 Dionysia
521 3150 773 3230 appellabantur,
809 3168 982 3212 reoensere:
1019 3150 1087 3212 haee
1121 3156 1197 3212 sunt
1218 3151 1293 3212 trie:

226 3256 362 3333 agrestia
391 3257 504 3317 Lenaee
528 3257 658 3319 urbane.
707 3257 909 3319 Anthesterie
931 3258 999 3318 iure
1021 3257 1140 3329 omisit,
1163 3262 1200 3318 ut
1223 3274 1297 3336 quse

226 3378 266 3422 ex
302 3370 392 3441 perte
424 3368 550 3424 tentum
586 3364 738 3442 Dionysia
768 3370 874 3426 essent
896 3372 928 3424 et
950 3365 995 3426 sie
1018 3369 1207 3425 uocarentur
1230 3378 1298 3425 non

227 3469 288 3530 nisi
323 3470 482 3530 rarissime
516 3479 547 3531 et
581 3476 665 3532 uerte
697 3471 736 3531 de
760 3488 871 3533 eausa:
896 3471 995 3533 Thuo.
1021 3471 1063 3544 ΙΙ,
1091 3472 1134 3533 15
1155 3465 1294 3556 (XLIX),

226 3575 445 3649 Philostratus,
482 3578 537 3655 qui
572 3578 746 3655 elegantius
780 3578 915 3639 seribere
942 3578 1053 3650 uoluit,
1079 3577 1142 3638 bis:
1167 3574 1292 3639 Heroio.

230 3682 270 3744 13
305 3679 486 3764 (LXXXII)
520 3689 551 3745 et
581 3684 636 3745 uit.
662 3685 765 3763 Apoll.
795 3684 834 3745 12
859 3681 946 3764 (CX).
994 3684 1175 3763 Hesychius
1197 3691 1230 3745 et
1252 3690 1292 3746 et

227 3804 331 3867 magn.
369 3787 497 3870 (XLVI)
528 3808 591 3851 non
615 3791 686 3852 sine
707 3808 802 3851 cause
825 3810 862 3851 ea
886 3792 1038 3870 Dionysia
1061 3809 1129 3853 esse
1152 3797 1292 3853 monent.

333 3897 458 3957 Horum
482 3897 738 3958 testimoniorum
762 3898 909 3958 omnium
933 3897 1093 3976 primerio
1112 3904 1188 3959 sunt
1203 3897 1293 3958 ratio

226 4018 282 4064 nee
317 4003 475 4064 coriorum
509 4004 714 4065 uictimarum
749 4004 821 4065 GIA
856 4004 899 4076 II,
935 4003 1010 4078 741,
1045 4004 1137 4082 trgm.
1163 4023 1191 4078 e,
1216 4003 1295 4077 bo

223 4108 315 4186 (XVI
350 4130 378 4184 a,
409 4109 441 4182 h,
466 4107 504 4193 e),
528 4128 599 4190 quae
623 4112 803 4191 pecuniam,
828 4129 902 4190 quae
923 4131 963 4172 ex
985 4111 1079 4173 eoriis
1102 4112 1240 4173 uenditis
1263 4130 1291 4173 e.

1169 4232 1186 4284 ὅ
