3225 5034
370 594 444 665 κοὰξ
468 594 554 665 κοάξ,

368 700 405 785 ἣν
429 699 507 787 ἀμφὶ
531 699 665 785 Νυσήιον

369 805 441 878 Διὸς
464 805 607 871 Διόνυσον
631 806 662 870 ἐν

370 914 502 998 Λίμναις
527 913 700 999 ἰαχήσαμεν

370 1019 450 1107 ἡνίχ’
478 1017 494 1083 ὁ
517 1018 776 1104 κραιπαλόκωμος

372 1138 434 1198 τοῖς
458 1126 564 1210 ἱεροῖσι
587 1127 736 1210 Χίιτροισι

375 1244 469 1319 χωρεῖ
490 1234 557 1297 κατ’
584 1233 655 1318 ἐμὸν
679 1239 802 1318 τέμενος
826 1236 908 1297 λαῶν
931 1233 1035 1320 ὄχλος.

370 1362 523 1443 Aloiphro
547 1364 638 1443 epist.
665 1364 708 1437 ΙΙ,
733 1363 810 1437 3,11
836 1361 881 1437 (u.
906 1384 937 1442 p.
965 1362 1027 1425 116
1052 1384 1079 1425 a.
1108 1366 1135 1433 1.
1164 1364 1225 1424 118
1250 1383 1278 1423 ο.
1304 1360 1336 1444 2)
1357 1375 1407 1429 OV

370 1476 426 1529 που
462 1467 495 1528 δὲ
520 1467 717 1551 θεσμοθέτας
746 1464 776 1528 ἐν
801 1476 867 1537 ταῖς
891 1463 988 1548 ἱεραῖς
1011 1473 1122 1550 κόμαις
1146 1472 1334 1551 κεκισσωμὲ-

263 1595 342 1647 νους;
377 1583 461 1636 ποῖον
496 1578 744 1658 περισχοίνισμα;
781 1578 869 1636 ποίαν
906 1570 1028 1655 αἵρεσιν.
1065 1577 1169 1644 ποίους
1195 1576 1334 1657 χυτρους,

266 1677 468 1764 Κεραμεικόν,
494 1677 618 1763 ἀγοράν,
644 1681 839 1765 δικαστήρια

367 1787 388 1839 l.
417 1788 441 1841 1.
470 1787 592 1856 κώμαιςε
621 1803 692 1841 corr.
712 1788 856 1854 Meineke,
881 1792 936 1847 τοῖς
958 1784 1038 1857 ἱεροῖς
1056 1786 1158 1857 κώμοις
1176 1789 1290 1841 Reiske.
1310 1788 1335 1841 2.
1401 1814 1404 1819 ·

265 1872 380 1945 αἵρεσιντ
399 1872 495 1944 ἵδρυσιν
514 1877 656 1930 Meineke.

478 1965 623 2048 Χότρινοι
647 1963 761 2044 ἀγῶνες

370 2093 534 2154 Scholium
558 2092 598 2154 ad
624 2094 784 2173 Aristoph.
809 2094 889 2155 Rau.
916 2095 990 2168 218,
1015 2094 1035 2155 9
1060 2098 1103 2173 (ρ.
1119 2092 1172 2174 57)
1351 2107 1438 2159 OVI.

370 2196 527 2278 Χότροισι·
566 2197 682 2279 Χὺτροι
707 2196 795 2282 ἑορτὴ
821 2196 985 2283 Ἀθήνησι·
1011 2197 1079 2260 κατ’
1106 2195 1177 2281 ἐμὸν
1202 2204 1334 2281 τέμενος·

263 2304 369 2389 ἤγοντο
405 2301 519 2383 ἀγῶνες
554 2301 661 2367 αὐτόθι
691 2301 719 2367 οἱ
743 2307 878 2390 χυτρινοι
901 2306 1094 2389 καλοόμενοι,
1119 2306 1194 2367 καθ’
1220 2302 1240 2366 ἅ
1264 2327 1336 2390 φησι

268 2406 444 2495 Φιλόχορος
468 2408 499 2473 ὲν
523 2420 559 2493 τγγ
583 2409 656 2493 ἕκτγχ
681 2422 737 2472 των
762 2411 916 2475 Ἀτθίδων

374 2519 583 2600 [Plutarchus]
609 2522 676 2581 uita
699 2522 729 2581 X
753 2541 796 2582 or.
822 2542 853 2601 p.
880 2522 942 2583 841
968 2523 993 2583 [o
1017 2518 1058 2601 (p.
1085 2523 1137 2594 57,
1164 2517 1217 2604 58)
1354 2532 1434 2587 GVH

276 2627 279 2635 “
371 2623 571 2708 (Λυκουργος)
596 2622 749 2708 εἰσήνεγκε
775 2624 808 2687 δὲ
831 2628 884 2687 καὶ
902 2602 1021 2709 νόμους,
1046 2629 1094 2687 τὸν
1118 2630 1173 2710 μὲν
1196 2628 1336 2707 περὶτῶν
1372 2653 1374 2662 .

264 2730 428 2814 κωμῳδῶν,
442 2729 545 2810 ἀγῶνα
558 2741 619 2800 τοῖς
633 2730 766 2813 Χυτροις
779 2730 926 2794 ἐπιτελεῖν
939 2729 1107 2819 ἐφάμιλλον
1120 2730 1151 2795 ἐν
1164 2743 1204 2815 τῷ
1216 2734 1337 2814 θεάτρῳ

265 2841 317 2900 καί
342 2840 390 2899 τὸν
414 2844 577 2923 νικήσαντα
603 2834 647 2907 είς
671 2836 744 2901 ἄστυ
767 2839 1007 2918 καταλέγεσθαι,
1031 2836 1174 2922 πρότερον
1193 2835 1247 2901 οόκ
1260 2838 1335 2915 ἐξόν,

267 2941 489 3029 ἀναλαμβάνων
514 2948 562 3007 τὸν
586 2943 689 3024 ἀγῶνα
712 2935 922 3010 ἐκλελοιπότα.

373 3056 535 3118 Anecdota
561 3056 694 3116 Bekkerl
718 3057 734 3116 l
758 3076 788 3135 p.
815 3056 879 3117 316
903 3052 946 3135 (p.
973 3056 1028 3132 58)
1355 3068 1450 3121 cvm

371 3158 488 3242 Χίτροι
524 3165 601 3230 τίνες
630 3157 720 3226 εἱοίν;
746 3157 834 3244 ἑορτή
859 3181 904 3229 τις
929 3158 1099 3245 Ἀθήνησιν
1123 3155 1200 3222 οὕτω
1222 3161 1336 3221 καλου-

266 3262 351 3350 μένη.
377 3264 407 3328 ἐν
430 3264 450 3349 γ]
475 3264 543 3351 ἐξῆν
567 3271 713 3329 σκώπτειν
736 3270 789 3328 καί
813 3267 881 3336 τοὺς
905 3264 1029 3346 ἄλλους,
1056 3267 1189 3350 μάλιστα
1214 3265 1247 3328 δὲ
1269 3268 1337 3336 τοὺς

266 3372 525 3455 πολιτευομένους.

372 3482 596 3561 Hippolochus
631 3483 717 3562 apud
754 3484 944 3544 Athenaeum
981 3484 1037 3557 IV,
1073 3504 1103 3562 p.
1144 3484 1205 3543 129
1241 3482 1334 3561 Dlp.
1355 3495 1423 3548 clx

270 3588 311 3649 47
336 3589 396 3666 sq.)

372 3688 505 3777 ἡσυχίας
532 3693 564 3756 δὲ
589 3691 750 3779 γενομένης
774 3691 1025 3775 ἐπεισβάλλουσιν
1048 3692 1118 3779 ἡμῖν
1144 3690 1171 3756 οἱ
1194 3690 1251 3755 κάν
1275 3703 1342 3767 τοῖς

265 3798 399 3880 Χυτροις
423 3808 485 3868 τοῖς
510 3797 663 3884 Ἀθήνησι
688 3801 964 3884 λειτουργήσαντες.

372 3909 590 3981 Philostratus,
616 3910 684 3969 uita
706 3910 811 3987 Apoll.
837 3910 892 3984 Vl,
919 3911 958 3970 21
985 3907 1026 3991 (p.
1053 3911 1093 3972 57
1119 3906 1178 3991 sq.)
1353 3922 1405 3975 ΟΧ

373 4011 536 4096 ἐπιπλῆξαι
572 4012 604 4073 δὲ
640 4010 760 4090 λέγεται
795 4016 863 4095 περὶ
897 4013 1059 4077 Διονυσίων
1096 4012 1288 4098 Ἀθηναίοις,
1317 4012 1337 4072 ἃ

269 4116 395 4181 ποιεῖταί
434 4141 532 4205 σρισιν
572 4118 603 4182 ἐν
638 4115 702 4200 ὣρογ
735 4123 787 4182 τοῦ
824 4119 1096 4206 Ἀνθεστηριῶνος.
1144 4117 1159 4182 ὁ
1196 4123 1249 4202 μὲν
1279 4120 1337 4200 γὰρ
