3225 5034
683 401 892 483 -ιι-’

240 597 362 684 Λήναια
386 597 563 683 Ληναιῶνος
587 604 653 662 erat
676 600 707 661 ct
730 598 900 662 scholiasta
924 616 981 680 pro
997 598 1057 662 hoc
1073 618 1182 663 mense
1199 603 1306 664 minus

238 716 315 771 noto
339 708 566 770 Atheniensem
589 708 705 768 inferre
729 708 841 781 uoluit,
866 706 934 768 fierl
957 706 1071 787 potuit,
1097 710 1132 770 ut
1151 706 1185 770 in
1202 706 1307 770 heme·

239 814 359 894 rologio
382 816 497 877 uiuooo
517 815 707 876 Lenaouem
723 826 798 875 cum
815 814 1068 876 Maemacterlone
1085 822 1306 896 comparatum

238 923 397 984 inueniret
431 929 462 983 et
484 922 571 983 hunc
595 936 692 1001 praue
715 921 853 982 inferret.
902 932 965 999 quo
989 926 1096 984 autem
1121 938 1229 985 menso
1253 924 1307 984 Le

239 1042 310 1090 nasa
344 1029 500 1090 celebrata
523 1030 596 1104 sint,
620 1030 655 1089 in
678 1026 717 1089 ils
740 1042 804 1090 non
828 1029 973 1103 traditur,
999 1029 1053 1090 scd
1078 1026 1137 1091 hoo
1160 1046 1200 1090 ex
1223 1030 1307 1091 testi»

240 1136 356 1198 moniis
390 1136 561 1209 ueteribus,
597 1135 725 1197 scholiis
759 1134 942 1214 laticisque,
967 1136 1103 1214 petitum
1127 1143 1183 1197 est.
1209 1136 1307 1198 fastos

197 1258 204 1279 ¹
239 1244 404 1322 quondam
439 1244 546 1316 luisse,
581 1242 615 1303 in
651 1242 767 1321 quibus
800 1243 887 1303 feriar
910 1252 967 1303 suo
991 1256 1126 1322 quaeque
1149 1244 1217 1304 luco
1241 1256 1306 1323 per*

239 1352 365 1430 scriptae
392 1357 490 1425 erant,
515 1366 580 1411 non
604 1366 692 1427 nego
740 1357 825 1410 certo
848 1349 935 1409 fuere
959 1346 1147 1430 (fragmenta
1163 1370 1180 1410 e
1196 1346 1308 1429 lapidi·

240 1458 300 1519 bus
335 1454 463 1518 collexit
485 1457 525 1517 de
548 1453 657 1538 Prott),
681 1456 712 1517 et
735 1470 774 1516 cx
797 1455 837 1518 iis
861 1452 1075 1535 attidograpbi
1098 1463 1130 1518 et
1152 1472 1308 1535 gramma-

238 1565 295 1626 tici
319 1564 503 1638 hauserunt,
527 1556 582 1624 sed
606 1563 810 1624 incommode
833 1562 958 1637 accidit,
983 1571 1019 1623 ut
1042 1564 1135 1625 nobis
1150 1565 1231 1625 nulli
1248 1576 1307 1625 ser-

240 1671 307 1732 uati
342 1671 416 1745 sint,
452 1676 488 1732 ut
522 1687 574 1732 eos
609 1670 734 1748 negotio
770 1690 805 1732 ac
829 1671 935 1731 labore
959 1682 1059 1748 eoque
1082 1686 1166 1750 saepe
1189 1672 1308 1732 incerto

239 1779 404 1839 restituere
438 1792 597 1855 cogamur.
645 1794 719 1838 oum
753 1778 830 1851 iam,
865 1777 973 1855 qualia
996 1778 1060 1838 sint
1085 1774 1307 1856 hemerologia,

240 1885 350 1963 liquet,
386 1884 426 1944 ad
462 1900 498 1944 ea
532 1885 700 1961 confugere
734 1885 817 1957 licet,
849 1892 886 1944 ut
908 1885 988 1944 ratio
1011 1880 1171 1959 reddatur,
1196 1896 1251 1945 cur
1275 1882 1309 1945 ln
1340 1882 1342 1887 ’

240 1992 353 2070 glossis
376 2006 415 2051 ex
438 1991 550 2051 eadem
574 1991 694 2069 origine
717 1992 822 2052 ductis
845 2006 962 2051 nomen
983 1992 1101 2053 mensis
1117 1993 1308 2052 innouatum

241 2099 291 2160 sit.
339 2098 384 2159 sic
422 2112 471 2159 res
509 2099 659 2177 explicari
698 2101 816 2176 potest:
857 2096 996 2158 habebat
1029 2096 1133 2175 glossa
1166 2099 1308 2177 primum

242 2200 266 2264 Γ
269 2203 450 2286 caniturus.
497 2198 611 2266 Lenaeo
635 2205 754 2266 mensis
777 2205 838 2266 loci
862 2201 1014 2265 Hesiodei
1037 2188 1132 2266 causa
1148 2202 1224 2266 satis
1241 2222 1310 2282 cog-

242 2313 330 2373 nitus
363 2308 472 2392 oratu,
508 2319 544 2371 ut
578 2310 645 2371 fieri
680 2316 795 2390 posset,
830 2312 866 2371 ut
893 2310 1063 2372 scholiasta
1086 2310 1228 2390 quidam,
1254 2308 1310 2389 qui

242 2418 387 2487 doctrina
411 2434 451 2478 ex
474 2418 687 2497 hemerologio
710 2419 810 2497 petita
833 2413 959 2495 gloriari
983 2418 1088 2492 uellet,
1114 2416 1227 2479 Lenaea
1250 2420 1309 2480 hoc

242 2538 351 2586 mense
386 2532 456 2586 acta
479 2542 545 2586 esse
569 2530 729 2599 statueret,
754 2525 928 2604 praesertim
953 2538 1027 2585 cum
1052 2505 1191 2586 nominis
1214 2540 1310 2586 causa

242 2631 356 2692 Lenaeo
392 2632 577 2694 Gamelione
612 2634 715 2711 aptior
749 2644 816 2693 esse
845 2631 1013 2693 uideretur.
1063 2628 1310 2693 Maemacterioni

190 2768 193 2777 .
243 2738 356 2799 Lenaeo
392 2741 460 2800 loco
493 2740 587 2811 cessit
620 2740 654 2799 in
689 2739 810 2800 scholio
844 2736 1014 2800 Platonico.
1061 2739 1096 2798 in
1131 2735 1310 2800 calendario

243 2842 336 2907 Thes.
372 2845 481 2925 Steph.
506 2844 619 2907 Irenaeo
642 2841 792 2927 (asianus,
817 2847 856 2906 ci.
883 2860 978 2924 supra
1001 2864 1032 2923 p.
1059 2842 1100 2906 23
1125 2842 1309 2926 annisum

242 2952 415 3014 Februario
439 2954 606 3014 confertur.
655 2968 727 3014 cum
752 2968 878 3014 menses
901 2952 990 3013 attici
1012 2970 1077 3013 uno
1099 2966 1206 3013 mense
1223 2962 1310 3032 amp·

242 3058 306 3120 lius
340 3060 549 3133 recessissent,
583 3060 697 3121 Lenaeo
721 3061 850 3121 asianus
874 3054 1121 3120 Maemscterioni
1144 3060 1310 3138 responde

244 3166 312 3239 bat3
349 3166 434 3244 quod
470 3182 543 3228 cum
575 3167 744 3229 scholiasta
767 3168 801 3227 in
825 3164 1038 3244 hemerologio
1061 3164 1236 3227 inuenisset
1258 3162 1311 3227 uel

244 3274 347 3347 sciret,
371 3288 427 3352 pro
451 3289 559 3334 mense
583 3275 686 3335 ionico
710 3275 844 3335 atticum
868 3274 1045 3334 secundum
1066 3274 1222 3334 rationem
1245 3288 1311 3334 suae

245 3381 346 3441 utatis
381 3380 603 3442 substituebat.
652 3382 775 3443 (tilbert
809 3396 840 3459 p.
878 3380 919 3442 79
950 3380 1042 3440 initio
1066 3379 1220 3458 scripturn
1244 3396 1311 3440 esse

246 3487 339 3568 μηνὸς
378 3482 553 3568 Ληναιῶνος
587 3492 689 3566 putat,
725 3488 809 3565 quod
846 3486 976 3561 librarii,
1012 3504 1085 3548 cum
1122 3487 1311 3547 Lcnaeonem

244 3594 408 3671 cognitum
443 3612 507 3655 non
531 3594 693 3668 haberent,
718 3595 848 3655 arbitrio
872 3612 929 3655 suo
952 3592 986 3654 in
1011 3606 1154 3654 mensem
1177 3595 1311 3654 atticum

245 3705 414 3761 mutarent.
462 3705 498 3761 ut
516 3702 543 3762 is
560 3702 750 3762 sententiam
767 3714 860 3762 suam
877 3716 941 3761 non
957 3700 1115 3779 probauit,
1132 3710 1189 3778 ego
1205 3712 1311 3761 meam

244 3808 348 3868 causis
379 3809 470 3868 certis
494 3807 617 3868 efficere
641 3824 774 3885 ceques,
799 3806 861 3867 nisi
884 3806 970 3867 tituli
993 3807 1141 3885 glossam,
1166 3808 1233 3868 siue
1257 3808 1312 3867 Le·

245 3928 400 3988 naeonem,
436 3915 503 3975 siue
539 3915 758 3975 Gamelionem
793 3914 886 3974 initio
921 3910 1069 3988 habebat,
1106 3926 1214 3974 ueram
1245 3932 1311 3974 esse

354 4046 373 4121 ί>
391 4055 435 4108 uf.
455 4060 642 4121 conspectum
661 4054 804 4107 mensium
824 4054 908 4106 Thes.
929 4048 1026 4119 Steph.
1043 4048 1099 4120 (X),
1114 4053 1163 4106 ubi
1176 4052 1223 4105 hic
1236 4060 1324 4105 men-'

245 4136 287 4195 'sis
305 4142 418 4196 ionicus
437 4156 501 4196 curn
521 4143 627 4197 Granio
646 4144 725 4197 solus
744 4156 775 4196 so
794 4140 825 4196 ln
845 4138 947 4195 atticos
966 4136 1097 4195 inseruit.
