3225 5034
676 420 877 481 -157—

240 595 336 679 μένα),
373 592 537 679 μαρτυρίαν
573 598 750 679 ποιοάμενος
773 592 789 657 ὁ
815 595 911 678 δημος
934 592 1008 678 ὑπὲρ
1033 606 1087 680 της
1111 593 1201 658 αὑτοῦ
1226 591 1311 659 είισε-

239 704 325 783 βείας
360 685 435 784 πρὸς
469 705 518 764 τὸν
553 704 626 764 θεὸν
661 704 713 764 καὶ
743 704 1010 787 παρακαταθηκην
1032 703 1226 765 καταλείπων
1250 713 1312 774 τοῖς

240 807 485 893 ἐπιγιγνομένοις,
521 806 566 870 δτι
601 814 652 893 τήν
689 830 721 886 γε
757 811 822 890 θεῷ
856 818 984 887 γυναῖκα
1019 808 1231 894 δοθησομένην
1258 812 1312 872 καί

239 921 425 999 ποιήσουσαν
449 918 487 978 τά
511 912 577 998 ἱερά
601 918 740 1000 τοιαυτην
765 913 906 999 ἀξιοῦμεν
931 913 1017 980 εἶναι.
1064 919 1117 978 καὶ
1142 916 1192 978 διά
1216 923 1312 979 ταῦτα

242 1020 274 1084 ἐν
310 1029 350 1102 τῷ
385 1020 581 1107 ἀρχαιοτάτῳ
606 1019 676 1106 ἱερῷ
700 1027 751 1085 τοί)
774 1020 920 1085 Διονυσου
942 1025 994 1084 καί
1020 1020 1176 1104 ἁγιωτάτῳ
1200 1020 1230 1085 ἐν
1254 1022 1312 1087 Λί-

241 1151 330 1213 μναις
354 1128 495 1214 ἔστησαν,
529 1125 579 1191 ἵνα
604 1134 645 1215 μὴ
670 1131 779 1193 πολλοί
803 1126 905 1192 εἰδῶσι
929 1131 966 1191 τά
989 1135 1195 1215 γεγραμμένα·
1232 1126 1312 1203 ἅπαξ

240 1238 298 1317 γὰρ
333 1242 385 1299 του
420 1234 555 1300 ἐνιαυτοῦ
579 1235 709 1299 ἑκάστου
733 1232 894 1315 ἀνοίγεται,
920 1246 956 1320 τη
981 1235 1138 1319 δωδεκάτη
1162 1241 1213 1299 τοί)
1239 1236 1313 1299 Ἀν-

240 1343 444 1427 θεστηριιῑινος
479 1351 583 1430 μηνός.
617 1380 926 1392 -----
953 1347 994 1408 78
1020 1344 1169 1426 βοίλομαι
1193 1344 1218 1406 δ’
1245 1341 1312 1428 ὑμῖν

240 1453 293 1511 καί
328 1453 377 1512 τὸν
413 1448 598 1537 ίεροκηρυκα
632 1453 773 1529 καλέσαι,
806 1450 840 1520 ὃς
863 1447 1003 1536 ὑπηρετεῖ
1027 1460 1063 1534 τη
1087 1461 1137 1513 τοῦ
1163 1452 1314 1533 βασιλέως

241 1562 367 1635 γυναικί,
404 1556 475 1621 ὅταν
499 1558 618 1640 ἐξορκοῖ
641 1562 696 1630 τὰς
719 1562 853 1640 γεραράς
876 1555 906 1620 ἐν
929 1567 1034 1627 κανοῖς
1059 1560 1133 1640 πρὸς
1155 1563 1194 1639 τῷ
1211 1560 1312 1642 βωμῳ,

242 1666 309 1745 πρὶν
344 1661 497 1727 ἅπτεσθαι
528 1676 583 1727 των
608 1663 704 1748 ἱερῶν,
727 1662 777 1727 ἵνα
800 1667 854 1727 καί
877 1669 928 1728 τοί)
952 1661 1045 1745 δρκου
1067 1668 1121 1727 καί
1145 1676 1200 1727 τῶν
1225 1667 1314 1744 λεγο-

242 1775 338 1853 μενων
373 1769 532 1857 ἀκοίσητε,
568 1770 627 1834 ὅσα
661 1769 722 1835 οἷόν
758 1772 781 1833 τ’
808 1771 886 1834 ἐστίν
911 1769 1040 1844 άκουειν,
1073 1774 1126 1833 καί
1150 1767 1249 1857 είδῖγτε
1272 1767 1315 1841 ὡς

242 1881 339 1961 σεμνὰ
361 1881 415 1941 καὶ
439 1876 511 1959 άγια
534 1882 587 1942 καί
610 1877 727 1964 ἀρχαῖα
752 1881 789 1941 τά
813 1883 926 1962 νόμιμά
950 1875 1038 1943 ἐστιν.

566 2058 725 2161 Ὅρκος
759 2070 981 2159 γεραρων.

351 2216 498 2298 άγιστείιω
524 2223 577 2281 καί
601 2216 663 2303 είμὶ
686 2221 815 2302 καθαρά
838 2220 892 2280 καί
916 2214 990 2302 ἁγνὴ
1016 2214 1075 2279 ἀπό
1092 2239 1123 2278 τε
1140 2226 1196 2279 των
1213 2215 1315 2280 ἄλλων

244 2335 299 2389 των
335 2322 369 2388 οί)
402 2327 637 2407 καθαρευόντων
671 2329 724 2389 καί
759 2325 810 2389 ἀπ’
847 2323 957 2407 ἀνδρὸς
992 2328 1162 2402 συνουσίας,
1196 2326 1250 2385 καί
1278 2325 1315 2386 τά

244 2427 365 2495 Θεοίνια
387 2436 440 2494 καί
465 2436 501 2495 τά
526 2430 703 2518 ’ἰοβάκχεια
726 2438 856 2515 γεραίρω
880 2436 920 2514 τῷ
943 2431 1077 2513 Διονὺσιμ
1100 2433 1181 2493 κατὰ
1203 2434 1240 2492 τά
1257 2434 1315 2492 πά-

244 2560 313 2622 τρια
336 2543 388 2601 καί
412 2538 443 2602 ἐν
468 2550 531 2611 τοῖς
553 2542 730 2625 καθήκουσι
754 2545 886 2624 χρόνοις.

264 2679 265 2682 =
351 2647 369 2700 l.
388 2647 405 2699 3
424 2648 610 2701 iurisiurandi
631 2644 746 2717 Θεάγνια
766 2647 843 2710 SFQ.
863 2652 967 2716 γεραρῶ
987 2646 1109 2699 Dobree.

351 2740 532 2818 Hesychius
567 2746 599 2802 et
626 2740 781 2802 anecdota
804 2739 940 2801 Bekkeri
963 2759 994 2818 p.
1021 2737 1083 2798 231
1110 2756 1156 2816 sq.
1182 2734 1224 2818 (p.
1252 2739 1314 2799 118
1334 2749 1517 2803 LXXXVIII

245 2865 291 2924 sq.
316 2866 391 2908 eum
415 2868 488 2908 ann.
515 2849 547 2924 2)
682 2917 684 2922 ⁴

351 2949 500 3034 γεραιραί·
537 2948 644 3035 ἱέρειαι
678 2961 795 3023 κοινως,
832 2947 915 3020 ίδίως
949 2949 983 3012 δὲ
1018 2953 1101 3032 παρά
1132 2946 1317 3035 Ἀθηναίοις

247 3053 278 3119 αἱ
313 3065 352 3140 τῷ
387 3058 521 3140 Διονίνσῳ
556 3064 596 3137 τῷ
632 3056 662 3121 ἐν
699 3058 833 3142 Λίμναις
866 3059 903 3120 τά
935 3054 1002 3139 ἱερά
1038 3055 1230 3120 ἐπιτελοῦσαι
1255 3054 1317 3137 άρι.

247 3165 318 3246 θμῷ
342 3164 572 3248 δεκατέσσαρες.
1005 3158 1007 3164 ’

353 3276 609 3355 Etymologicum
634 3295 788 3354 magnum
812 3296 842 3355 p.
869 3275 933 3337 227
958 3271 999 3355 (p.
1028 3275 1090 3335 118
1115 3293 1143 3334 a.
1170 3271 1201 3353 2)
1324 3283 1492 3356 *LXXXIX

354 3391 501 3463 γεραῖραι.
537 3384 621 3463 παρὰ
650 3375 835 3465 Ἀθηναίοις
858 3383 998 3458 γυναῖκές
1022 3399 1100 3447 τινες
1124 3373 1215 3460 ἱεραί,
1239 3376 1277 3446 ἃς
1301 3373 1317 3439 ὁ

248 3486 391 3566 βασιλεὺς
424 3490 605 3573 καθίστησιν
640 3484 826 3570 ἰσαρίθμους
860 3495 922 3555 τοῖς
951 3486 1064 3569 βωμοῖς
1087 3490 1138 3546 τοί)
1161 3480 1316 3560 Διονίσου,

247 3591 298 3654 διὰ
321 3595 353 3655 τὸ
377 3599 526 3677 γεραίρειν
551 3598 599 3658 τὸν
622 3593 705 3658 θεόν.
732 3589 810 3656 οὕτω
833 3591 989 3663 Διονυσιος
1009 3588 1024 3654 ὁ
1041 3589 1317 3673 (Αλικαρνασσείις,

353 3703 465 3766 Pouux
490 3707 579 3779 vm,
607 3703 669 3766 108
692 3705 736 3783 (p.
765 3701 840 3780 119)
1335 3709 1389 3763 xc

353 3806 489 3891 γεραραί.
516 3806 603 3872 αὗται
628 3807 747 3894 ἄρρητα
772 3804 841 3889 ἱερὰ
863 3803 996 3888 Διονάσῳ
1022 3789 1113 3867 ἐ’θυον
1136 3804 1200 3888 μετ’
1219 3802 1318 3888 ἄλλης

245 3913 389 3998 θεωρίας.
436 3917 570 3999 καθίστη
606 3916 638 3977 δὲ
673 3911 769 3984 αίιτάς
802 3911 818 3977 ὁ
854 3914 999 3996 βασιλεὺς
1033 3908 1127 3982 οὔσας
1154 3930 1319 3992 τετταρασ·

246 4023 385 4088 καίδεκα.

459 4133 572 4195 Cetera
595 4132 634 4193 de
658 4132 811 4194 Choibus.
