3225 5034
753 406 953 465 -122-

315 584 400 643 facta
424 584 497 655 sint,
523 590 558 642 ut
582 601 630 643 ex.
656 602 682 643 c.
707 582 868 661 Dionysiis
885 582 1018 659 magnis.
1067 601 1184 642 nomen
1200 583 1327 643 Bucolei
1346 582 1386 642 ad

314 690 475 750 Bacchum
504 695 644 768 spectare
667 701 784 768 putans
809 689 849 749 de
874 689 1083 749 Wilamowitz
1108 691 1159 749 Ar.
1186 696 1217 749 et
1242 689 1316 749 Atb.
1343 689 1384 762 II,

314 798 356 856 42
392 797 432 856 ad
469 813 645 874 cognomen
681 794 755 855 θεοῦ
792 795 903 874 ταῦροι)
932 797 952 855 i.
977 813 1003 856 e.
1029 795 1155 869 Bacchi,
1181 796 1236 874 qui
1260 795 1386 856 taurino

316 904 397 982 pede
433 912 468 963 ut
491 904 623 972 ueniret,
652 902 778 963 Kleides
813 902 1033 981 precabantur,
1070 903 1137 963 iure
1172 904 1290 962 retulit.
1326 902 1386 963 hoc

316 1027 491 1088 cognomen
532 1010 684 1094 quoniam
724 1011 763 1069 ad
804 1010 964 1070 Bacchum
1002 1010 1207 1070 fecunditatis
1242 1009 1385 1069 datorem

314 1123 437 1194 spectat
470 1116 593 1193 (Frazer
627 1116 694 1176 The
729 1117 843 1194 golden
879 1116 985 1193 bough
1022 1117 1047 1189 I,
1074 1116 1138 1196 325
1162 1135 1209 1194 aq,
1235 1115 1330 1193 Voigt
1352 1117 1385 1175 iu

312 1224 415 1283 lexico
449 1224 599 1284 Roscberi
635 1224 660 1296 l,
700 1223 805 1299 1057),
842 1222 962 1301 optime
997 1223 1037 1282 ad
1073 1237 1126 1283 eos
1154 1223 1244 1294 ritus,
1269 1223 1386 1301 quibus

313 1331 420 1407 regina
455 1329 578 1391 ciuitati
612 1330 841 1391 fecunditatem
875 1330 1089 1408 comparabat,
1116 1348 1232 1390 nomen
1258 1329 1386 1389 Bucolei

312 1437 457 1515 quadrat.
505 1437 638 1515 quidam
668 1438 845 1497 sacerdotes
869 1453 1006 1515 quoque,
1031 1437 1149 1514 quibus
1172 1455 1290 1496 nomen
1316 1433 1386 1514 βου-

312 1538 400 1603 κόλοι
435 1552 510 1607 erat.
548 1543 587 1603 ad
614 1544 786 1605 Bucoleum
811 1544 961 1616 referunt,
985 1562 1182 1621 quamquam
1209 1542 1248 1603 de
1271 1544 1310 1604 iis
1334 1562 1387 1622 pa-

313 1670 386 1712 rum
410 1657 534 1711 constat
550 1648 719 1729 (Dieterich
743 1651 782 1710 de
806 1652 917 1729 hymn.
943 1652 1033 1729 orph.
1061 1652 1111 1724 11,
1130 1651 1234 1711 Maass
1250 1651 1386 1710 Hermes

313 1758 434 1830 XXVI,
473 1757 535 1818 184
559 1777 587 1818 a.
616 1755 653 1836 1).
702 1757 861 1818 reicienda
885 1764 931 1818 est
954 1758 1134 1836 explicatio,
1159 1775 1256 1835 quam
1283 1758 1386 1817 Maass

316 1865 355 1924 de
381 1865 493 1925 Lcnaeo
518 1885 547 1943 p.
575 1865 594 1924 6
618 1882 678 1942 sqq
701 1866 867 1943 proposuit
883 1866 989 1925 locum
1007 1865 1067 1926 hoc
1083 1864 1241 1942 accepisse
1257 1883 1385 1936 nomen,

313 1972 433 2050 quippe
469 1971 524 2031 ubi
560 1972 680 2032 Icarius
703 1973 825 2031 cultum
851 1971 966 2031 Bacchi
992 1989 1170 2049 propagans
1194 1990 1212 2029 a
1238 1970 1386 2031 bubulcis

314 2086 444 2138 necatus
465 2084 560 2148 esset;
586 2096 657 2155 quae
681 2078 791 2138 fabula
815 2078 988 2156 aetiologian
1013 2086 1060 2138 est
1083 2077 1227 2137 eiusdem
1251 2079 1384 2155 generis,

312 2185 403 2245 cuius
427 2191 549 2245 ueteres
577 2183 670 2246 nobis
693 2193 740 2245 tot
763 2184 970 2245 tradiderunt.
1012 2185 1038 2245 si
1063 2185 1107 2244 ita
1130 2189 1220 2257 esset,
1246 2185 1385 2245 Icarium

312 2309 407 2352 suum
432 2309 549 2352 nomen
574 2293 642 2352 loco
666 2291 820 2352 indidisse
843 2292 1079 2370 expectandum
1103 2297 1178 2351 erat.

422 2396 659 2477 Aristophanes,
695 2399 749 2476 qui
785 2400 820 2458 in
848 2398 1106 2459 Acharnensibus
1129 2397 1246 2476 gaudia
1272 2399 1386 2476 Diony·

314 2506 433 2565 siarum
459 2502 707 2566 Atheniensibus
731 2513 805 2566 ante
828 2507 936 2565 oculos
953 2507 1053 2583 ponit,
1071 2505 1121 2566 his
1138 2506 1255 2566 seueris
1272 2506 1386 2566 ritibus

312 2613 439 2672 omissis
474 2614 604 2673 alteram
634 2613 735 2673 solam
764 2619 886 2687 partem
912 2611 1036 2673 Choum
1059 2612 1161 2689 fingit,
1187 2613 1385 2687 conuiuium,

313 2737 353 2778 ex
377 2737 441 2796 quo
464 2737 580 2779 nomen
605 2721 722 2779 festum
748 2720 854 2780 traxit.
895 2719 928 2779 in
953 2719 1003 2779 his
1027 2735 1091 2778 non
1116 2718 1155 2779 de
1179 2719 1240 2780 diis
1264 2720 1384 2793 inferis,

312 2825 367 2885 sed
392 2825 432 2885 de
455 2845 501 2897 eo,
526 2828 580 2904 qui
605 2828 719 2886 uinum
743 2826 960 2903 gaudiumque
984 2845 1058 2887 cum
1083 2826 1159 2886 uino
1176 2833 1207 2886 et
1222 2826 1386 2886 luxuriam

313 2932 501 2993 hominibus
536 2933 634 3006 dedit,
670 2934 774 3010 agitur
790 2930 820 3012 ¹).
858 2934 916 2993 hoo
951 2934 1089 2993 infesto
1114 2949 1234 2993 nouum
1259 2934 1385 3005 uiuum,

312 3039 399 3116 quod
424 3039 489 3098 iam
521 3040 623 3117 potari
647 3048 751 3118 potest
773 3040 858 3114 (Plut
882 3047 991 3117 quaest.
1040 3058 1143 3119 symp.
1170 3041 1230 3112 III,
1256 3040 1285 3112 7,
1315 3044 1328 3099 1
1355 3045 1387 3100 et

314 3145 403 3219 VIII,
432 3147 482 3220 10,
508 3147 527 3206 3
551 3147 628 3223 (LV,
653 3148 746 3222 LVI),
772 3148 834 3207 ritu
859 3163 947 3207 sacro
970 3153 1181 3220 consecratur,
1195 3155 1231 3206 ut
1250 3146 1387 3207 homini-

313 3252 373 3313 bus
409 3255 546 3314 salutare
582 3255 766 3332 bonumque
802 3254 852 3327 sit,
889 3273 952 3331 quo
977 3257 1061 3314 fricto
1085 3254 1199 3331 gaudia
1225 3254 1292 3313 uini
1316 3254 1386 3313 ieri·

422 3400 441 3466 ¹)
459 3402 585 3454 Dubium
614 3418 672 3453 non
700 3407 752 3467 est,
782 3403 851 3467 quin
880 3402 1035 3455 scholiasta
1063 3402 1098 3454 ad
1128 3404 1175 3455 Ar.
1195 3403 1266 3455 Aah.
1287 3420 1313 3455 u.
1334 3402 1385 3454 961

311 3489 426 3556 (XCIV)
454 3491 543 3543 falsus
571 3492 617 3554 sit,
643 3493 775 3556 quicum
795 3507 866 3544 uoce
886 3489 959 3552 Χόες
979 3490 1043 3560 χοαὶ
1062 3492 1236 3544 commiscet.
1274 3496 1307 3543 ut
1325 3493 1386 3544 haec

312 3581 510 3633 corroboretur
528 3581 688 3647 explicatio,
709 3596 815 3632 nomen
834 3581 935 3632 ultimo
954 3580 1011 3633 diei
1031 3580 1243 3633 Eleusiniorum
1262 3580 1385 3633 inditum

313 3666 473 3737 πλημοχόαι
499 3670 606 3735 (Athen
633 3671 685 3734 XI,
714 3686 733 3736 p
760 3669 814 3721 496
842 3670 875 3734 Α,
904 3671 1030 3737 Hesych.
1059 3685 1081 3720 s.
1107 3668 1146 3734 u.)
1164 3670 1258 3721 afferri
1278 3670 1386 3734 nequit.

313 3759 430 3810 obstant
452 3759 525 3810 ratio
547 3763 576 3810 et
594 3763 697 3811 natura
715 3759 851 3810 uniuersa
869 3760 945 3811 festi.
983 3759 1038 3811 hoc
1057 3759 1165 3811 nonin
1187 3759 1312 3824 libando,
1335 3759 1386 3810 sed

313 3848 344 3900 in
363 3849 490 3913 potando
509 3855 640 3901 constare
659 3865 675 3900 e
694 3849 811 3900 nomine
824 3854 950 3915 apparet,
964 3850 1040 3915 quod
1053 3849 1260 3901 Themistocles
1273 3850 1387 3913 Magne-

313 3938 363 3989 siae
384 3937 477 3989 Choes
490 3937 645 3989 instituens
665 3944 785 4003 patrono
804 3938 940 3990 feriarum
960 3939 1065 3991 lndidit
1082 3939 1225 4005 (LXXV);
1241 3934 1387 4005 Χοοπότης

313 4026 390 4078 enim
419 4027 491 4078 deus
515 4026 720 4093 appellabatur,
740 4026 822 4079 cuius
842 4028 1007 4094 exemplum
1026 4027 1158 4079 homines
1178 4027 1309 4094 χοοπόται
1330 4026 1388 4078 sibi

314 4117 349 4167 ad
369 4117 541 4168 imitandum
560 4117 767 4182 proponebant.
982 4119 987 4125 '
