3225 5034
791 394 943 448 -.4-

329 563 356 624 si
380 581 464 624 anno
487 563 628 641 quodam
651 563 854 624 nouiluniurn
879 564 1044 627 Ienaeonis
1065 566 1097 627 in
1115 567 1200 628 diem
1217 567 1309 628 XIII.
1327 568 1395 629 lan.

328 668 450 739 incidit,
486 688 571 730 anno
605 675 756 748 sequente
789 671 824 730 in
852 670 894 731 Il.
920 672 999 746 Ian,
1024 674 1116 733 tertio
1139 674 1173 734 in
1196 674 1285 734 XXI.
1311 675 1396 747 Dec,

329 783 442 855 quarto
476 795 585 838 mense
619 776 803 838 intercalato
839 778 871 837 in
908 778 995 839 XVI.
1032 779 1099 839 lan.
1126 781 1244 842 mensis
1267 781 1395 841 initium

329 883 442 944 incidit
456 879 487 963 ¹).
534 884 656 945 Gilbert
678 891 787 944 tamen
811 886 922 962 poscit,
946 892 983 946 ut
1006 887 1183 947 Hesiodum
1209 907 1228 948 a
1251 888 1395 961 solstitio,

329 990 512 1067 quodcum
541 991 706 1051 nouilunio
731 992 895 1053 Lenaeonis
919 1011 1087 1070 congruere
1111 1002 1250 1072 poneret,
1276 995 1396 1073 profici-

329 1105 468 1157 scentem
493 1117 615 1158 annum
639 1099 671 1158 in
697 1118 821 1160 menses
845 1101 971 1160 lunares
995 1101 1197 1179 descripsisse
1218 1102 1394 1173 credamus

329 1204 542 1265 differentiam
577 1210 684 1265 autem
721 1207 840 1267 mensis
870 1208 989 1267 lunaris
1013 1208 1156 1286 agricolae
1181 1208 1308 1270 boeotioi
1332 1229 1395 1269 non

328 1316 394 1371 tam
431 1312 522 1372 facile
557 1331 654 1390 quam
688 1312 715 1372 is
751 1313 905 1390 negligere
941 1321 1121 1391 potuerunt,
1158 1335 1215 1376 nec
1245 1316 1397 1394 temporis

329 1418 479 1496 spatium,
516 1419 600 1497 quod
636 1419 718 1479 inter
753 1419 838 1479 diem
862 1420 951 1480 XXI.
977 1421 1050 1480 Dec.
1075 1429 1106 1480 et
1129 1422 1219 1482 XIX.
1245 1424 1312 1482 Ian.
1338 1432 1395 1496 est,

328 1524 361 1585 id
386 1544 452 1586 esse
477 1525 579 1586 dicere
603 1527 684 1598 licet,
709 1526 793 1603 quod
820 1527 933 1587 Lenaeo
957 1528 1124 1605 complecti
1149 1530 1237 1589 solet.
1285 1531 1310 1590 si
1337 1531 1395 1590 hoc

328 1631 416 1704 libet,
441 1652 458 1691 a
483 1633 648 1692 nouilunio
672 1633 806 1692 solstitio
829 1634 976 1711 proximo
999 1634 1263 1712 proficiscendum
1287 1645 1343 1709 est,
1361 1642 1396 1695 ut

329 1757 377 1798 ex.
403 1758 428 1800 c.
454 1739 557 1817 primo
581 1759 665 1798 anno
693 1739 805 1800 Lenaeo
830 1760 848 1798 a
872 1740 923 1799 die
947 1741 970 1799 I.
998 1741 1075 1812 lan„
1101 1740 1239 1800 secundo
1263 1761 1282 1799 a
1305 1741 1394 1801 XXI.

329 1845 413 1918 Dec,
450 1846 541 1906 tertio
576 1865 595 1906 a
628 1846 668 1906 X.
706 1847 788 1916 Dec..
822 1853 934 1924 quarto
958 1865 1066 1906 mense
1090 1847 1272 1906 intercalare
1297 1867 1315 1906 a
1338 1846 1393 1906 IV.

329 1954 396 2012 Ian.
422 1953 562 2031 incipiat.
603 1953 657 2013 sed
683 1953 742 2013 hoc
767 1953 861 2012 modo
886 1972 987 2031 neque
1003 1954 1031 2012 ei
1047 1953 1200 2031 opinioni,
1218 1972 1289 2030 quae
1305 1971 1394 2032 paene

329 2067 365 2121 ut
399 2060 525 2120 axioma
561 2061 668 2134 fertur,
705 2068 740 2121 ut
770 2079 789 2119 a
813 2061 916 2138 primo
940 2065 1011 2137 post
1034 2060 1203 2120 solstitium
1229 2060 1396 2119 nouilunio

330 2167 448 2227 mensis
486 2168 617 2245 incipiat
655 2163 706 2247 (de
741 2186 804 2244 qua
838 2185 868 2225 u.
905 2167 989 2226 intra
1022 2187 1052 2245 p.
1093 2163 1143 2244 14)
1179 2167 1301 2235 satisfit,
1338 2185 1395 2226 nec

329 2283 456 2353 tempus
491 2274 581 2352 quasi
617 2274 728 2346 lixum,
764 2293 781 2332 a
816 2292 879 2350 quo
903 2274 1102 2351 proficiscens
1128 2274 1250 2335 Gilbert
1273 2292 1394 2333 annum

329 2381 488 2455 describit,
512 2381 543 2458 (i.
569 2400 595 2440 e.
621 2381 804 2452 solstitium)
829 2386 981 2440 seruatur.
1018 2400 1114 2459 quare
1131 2400 1203 2441 cum
1221 2401 1257 2439 eo
1274 2390 1394 2441 certum

328 2495 466 2567 tempus
502 2508 519 2547 a
555 2507 618 2565 quo
649 2487 723 2547 anni
748 2487 858 2547 solaris
882 2493 913 2547 et
936 2488 1065 2558 lunaris,
1090 2484 1395 2565 cum-comparandi

329 2596 402 2667 sint,
428 2600 661 2673 computentur,
686 2601 844 2653 statuente
860 2595 1036 2655 consentire
1053 2615 1115 2654 non
1133 2614 1273 2673 possum.
1309 2592 1394 2671 quod

329 2722 402 2764 cum
427 2704 472 2763 ita
495 2703 545 2773 sit,
570 2722 608 2761 ex
635 2699 773 2762 Hesiodo
796 2701 876 2779 ipso,
893 2702 927 2762 in
943 2700 1030 2780 quod
1045 2709 1174 2780 tempus
1193 2702 1303 2761 Lenaeo
1319 2700 1393 2761 inci·

330 2810 419 2884 derit,
445 2809 622 2870 accuratius
645 2809 748 2886 colligi
772 2828 837 2869 non
863 2828 953 2887 posse
974 2816 1113 2888 apparet.
1154 2807 1186 2868 id
1204 2809 1307 2868 solum
1324 2826 1396 2867 con-

329 2925 400 2985 stat,
437 2915 522 2994 quod
547 2915 624 2989 dixi,
649 2915 892 2993 frigidissimum
917 2935 989 2976 eum
1015 2916 1112 2976 tuisse
1137 2935 1289 2987 mensem,
1313 2913 1395 2974 etsi

329 3042 458 3085 uersum
481 3023 532 3083 uel
557 3041 676 3092 uersus,
698 3022 731 3083 in
748 3022 865 3100 quibus
882 3023 994 3082 Lenaeo
1011 3027 1286 3093 commemoratur,
1303 3021 1394 3099 rhap-

330 3131 426 3192 sodus
449 3130 630 3191 recentioris
653 3130 755 3190 aetatis
778 3129 920 3201 inseruit,
945 3130 1041 3189 etiam
1067 3130 1167 3206 magIs
1190 3129 1393 3207 perspicuum

330 3245 377 3299 est
400 3256 473 3298 cum
504 3242 606 3297 cetera
629 3242 810 3315 temporum
834 3236 955 3296 ratione
979 3235 1137 3296 Hesiodea
1161 3254 1233 3296 eum
1259 3255 1322 3295 non
1347 3254 1394 3295 co·

330 3345 455 3406 haerere.
492 3363 565 3405 cum
589 3343 726 3404 rationes
750 3344 870 3404 lunaris
894 3348 925 3403 et
948 3343 1081 3404 stellaris
1097 3344 1194 3404 simul
1210 3342 1395 3403 adhiberen-

330 3457 391 3516 tur.
427 3451 579 3511 nimirum
614 3451 776 3511 interdum
813 3469 865 3511 eas
900 3451 982 3510 inter
1008 3469 1040 3510 se
1064 3469 1246 3528 comparare
1269 3467 1396 3510 necesse

330 3563 409 3631 erat;
434 3558 586 3636 quaeritur
609 3564 726 3631 autem,
750 3565 870 3635 quanta
894 3557 1093 3618 accuratione
1115 3558 1236 3617 factum
1261 3556 1311 3618 sit.
1357 3554 1396 3614 ri·

329 3672 422 3727 tuum
446 3683 607 3726 sacrorum
631 3670 662 3725 et
685 3664 910 3726 sacrificiorum
934 3670 1061 3742 tempus
1084 3663 1124 3723 ad
1149 3682 1295 3723 normam
1311 3662 1396 3722 lunae

331 3772 527 3849 exigebatur3
575 3790 651 3832 narn
696 3772 730 3831 in
768 3771 862 3832 rebus
900 3771 1036 3850 publicis
1075 3769 1305 3848 antiquissimis
1344 3768 1395 3827 die

330 3885 474 3940 accurate
497 3878 629 3940 definito
649 3879 705 3938 uix
721 3897 801 3957 opus
818 3884 892 3940 erat.
929 3897 1026 3957 quare
1042 3877 1190 3956 ascriptio
1206 3875 1279 3950 diei,
1296 3894 1393 3954 quam

439 4017 458 4085 ¹)
470 4019 544 4081 Quia
556 4019 586 4071 in
597 4018 713 4072 calculis
726 4018 860 4071 maximae
873 4018 1011 4070 molestiae
1024 4018 1134 4080 fuisset,
1148 4016 1173 4069 si
1186 4033 1264 4069 more
1277 4030 1396 4069 romano

330 4108 391 4160 dies
404 4108 615 4174 indicauissem‚
625 4123 739 4174 semper
751 4107 808 4159 nisi
821 4112 898 4160 certa
910 4107 946 4159 de
958 4122 1045 4159 causa
1056 4111 1201 4160 nostrums
1211 4111 1311 4158 ocutus
1321 4121 1395 4158 sum.
