3225 5034
780 375 978 436 -126-

345 551 467 631 publici
491 552 569 612 iuris
593 552 669 613 iecit
692 571 732 612 ex
756 558 846 630 parte
869 552 972 613 Brizio
995 550 1117 634 (Museo
1141 554 1272 614 italiano
1289 554 1322 614 di
1339 554 1417 614 anti·

345 659 432 719 obita
454 659 585 720 classica
611 659 655 731 ll,
679 666 741 720 tav.
768 660 793 729 I,
820 656 872 739 4.).
920 659 995 720 huic
1018 660 1189 738 persimilis
1212 661 1353 739 scyphus
1376 662 1418 721 al·

345 770 392 825 ter
408 766 442 825 in
459 766 569 826 Museo
586 766 765 827 britannico
781 770 962 828 asseruntur,
975 766 1048 841 (Cat
1060 767 1095 839 B,
1110 763 1187 847 278)
1198 768 1418 846 compluribus

344 873 422 935 locis
445 880 690 952 repraesentatus
713 880 769 945 est,
794 892 844 933 ex.
869 892 895 934 c.
920 873 1097 951 Inghirami
1123 874 1198 934 Vasi
1218 873 1305 935 flttili
1321 875 1346 946 l,
1365 875 1417 949 33,

346 999 432 1040 mon.
446 980 655 1041 Baumeisteri
667 980 731 1041 tab.
745 980 802 1041 XC
816 981 866 1058 fig.
881 980 978 1042 2321.
993 981 1045 1041 hic
1057 1000 1167 1042 currus
1178 982 1302 1043 naualis
1313 982 1419 1044 currui

346 1088 447 1164 magis
471 1087 586 1148 similis
609 1096 657 1148 est
680 1106 775 1165 quam
802 1087 894 1158 alter3
921 1107 995 1147 nam
1019 1094 1158 1148 rostrum
1182 1098 1214 1148 et·
1237 1089 1356 1167 puppis
1378 1089 1418 1149 ad

345 1213 474 1254 currum
509 1201 637 1254 tantum
672 1193 771 1254 affixa
806 1203 890 1255 sunt.
938 1195 1082 1256 Bacchus
1110 1195 1221 1255 eodem
1248 1196 1344 1256 modo
1369 1196 1420 1258 de·

346 1301 450 1379 pictus
478 1308 539 1373 est;
565 1301 654 1374 duos,
679 1301 735 1379 qui
759 1300 847 1362 tibiis
870 1310 1019 1362 canentes
1043 1304 1181 1373 adstant,
1206 1303 1323 1363 silenos
1343 1301 1419 1363 bar·

346 1408 437 1468 batos
472 1426 539 1468 esse
574 1415 715 1486 apparet.
762 1408 885 1469 Nauem
920 1409 997 1470 rotis
1032 1409 1218 1487 impositam
1248 1429 1344 1470 nemo
1369 1410 1420 1470 de·

345 1516 459 1594 pingit,
495 1516 556 1576 nisi
592 1515 684 1575 uidit.
731 1515 799 1575 iure
834 1516 930 1593 igitur
965 1515 1043 1577 dicit
1078 1516 1264 1576 Duemmler
1288 1518 1307 1577 l.
1333 1518 1354 1576 l.
1381 1516 1420 1577 de

346 1622 467 1700 scypho
503 1621 695 1682 Bononiensi
733 1621 826 1682 «dass
860 1641 894 1681 er
928 1622 979 1681 die
1014 1623 1196 1701 Epiphania
1227 1623 1283 1684 des
1308 1624 1421 1685 Gottes

346 1728 507 1802 schildert,
543 1728 632 1789 nicht
666 1729 726 1790 wie
761 1748 837 1789 man
874 1729 919 1789 sie
953 1729 1021 1790 sich
1049 1730 1174 1803 dachte,
1199 1730 1337 1791 sondern
1362 1731 1421 1791 wie

347 1854 423 1894 man
458 1836 503 1895 sie
538 1835 735 1910 daretellte»;
772 1835 859 1914 quod
893 1835 991 1916 etiam
1022 1836 1141 1897 maiore
1164 1837 1232 1897 iure
1257 1837 1296 1897 de
1321 1839 1421 1898 altera

346 1942 485 2021 imagine
521 1941 583 2003 dici
618 1948 731 2022 potest,
763 1962 836 2003 cnm
861 1943 895 2003 in
919 1962 956 2004 ea
979 1962 1088 2005 currus
1112 1945 1237 2005 naualis
1261 1964 1298 2005 eo
1323 1943 1421 2005 modo

346 2049 493 2127 depictus
517 2051 567 2123 sit,
593 2069 656 2128 quo
680 2070 797 2111 nauem
822 2057 1039 2129 comparatam
1063 2070 1131 2113 esse
1155 2052 1281 2112 credere
1304 2051 1421 2142 possis,

346 2157 373 2218 si
398 2158 501 2218 Graeci
524 2177 606 2231 eam,
629 2166 788 2236 quantum
813 2164 969 2236 poterant,
993 2159 1028 2217 in
1044 2165 1127 2219 terra
1142 2160 1235 2219 firma
1251 2177 1422 2237 repraesen-

346 2269 414 2324 tare
448 2264 554 2325 eonati
584 2270 668 2325 sunt.
716 2264 802 2341 quod
826 2264 918 2325 sileni
941 2263 1029 2325 tibiis
1053 2273 1182 2339 canunt,
1207 2275 1263 2326 aut
1286 2266 1423 2326 comites

347 2371 505 2432 sollennes
539 2370 590 2431 dei
625 2390 682 2449 pro
715 2371 901 2432 hominibus
936 2371 1054 2451 depicti
1090 2379 1174 2444 sunt,
1211 2378 1267 2432 aut
1300 2373 1334 2446 ii,
1363 2373 1422 2451 qui

347 2496 475 2556 pompae
510 2479 691 2552 intererant,
727 2496 878 2557 personas
913 2479 1087 2539 alienorum
1118 2478 1307 2551 induebant,
1332 2478 1422 2556 quod

347 2584 553 2645 uerisimilius
586 2584 723 2645 uidetur.
771 2585 839 2645 haec
872 2604 958 2658 uasa,
984 2605 1055 2663 quae
1079 2586 1176 2665 nigris
1200 2586 1309 2664 figuris
1332 2592 1421 2660 sunt,

348 2692 473 2752 Baccho
496 2711 660 2771 pompam,
684 2693 719 2752 in
743 2711 806 2770 qua
830 2670 940 2753 currus
963 2693 1088 2754 naualis
1111 2694 1298 2767 uehebatur,
1324 2693 1422 2754 Athe-

347 2798 398 2858 nis
440 2798 517 2859 satis
560 2799 700 2877 antiquis
737 2799 936 2878 temporibus
975 2799 1105 2860 ductam
1145 2819 1212 2862 esse
1250 2806 1419 2861 testantur.

347 2905 445 2966 talem
492 2925 643 2986 pompam
692 2907 848 2985 Smyrnaei
891 2912 1022 2996 egerunt
1032 2903 1064 2984 ¹),
1104 2927 1202 2986 quam
1241 2906 1421 2984 antiquitus

348 3012 499 3072 traditam
523 3032 590 3074 esse
614 3033 654 3074 ex
677 3033 714 3074 eo
737 3019 879 3093 apparet,
904 3014 991 3092 quod
1015 3015 1054 3075 de
1078 3034 1115 3075 ea
1134 3013 1278 3075 uersibus
1295 3013 1421 3074 dictum

348 3124 415 3179 erat
449 3126 481 3179 et
514 3121 653 3181 narratio
688 3122 863 3199 aetiologica
889 3122 955 3182 iam
979 3121 1104 3200 pridem
1127 3122 1259 3198 uulgata
1282 3130 1358 3193 erat,
1384 3127 1422 3182 ut

350 3226 504 3288 Aristides
537 3228 644 3300 tradit,
680 3247 752 3305 quae
775 3228 908 3289 tortasse
931 3248 971 3288 ex
995 3248 1031 3288 eo
1055 3228 1195 3289 carmine
1218 3229 1318 3307 petita
1342 3234 1419 3289 erat.

458 3468 477 3535 ιλ
501 3469 634 3524 Philostr.
654 3473 697 3525 uit
715 3474 797 3540 soph.
817 3475 839 3538 I,
859 3474 902 3539 25,
924 3476 938 3526 1
958 3473 1088 3542 πέμπεται
1107 3473 1158 3544 γάρ
1177 3491 1215 3532 τις
1235 3473 1300 3542 μηνὶ
1319 3470 1420 3523 Ἄνθε-

349 3565 474 3628 στηριώνι
499 3559 628 3630 μεταρσία
646 3559 761 3631 τριήρης
782 3561 809 3622 ἐς
829 3561 936 3632 ἀγοράν,
956 3560 991 3633 ἣν
1010 3561 1023 3612 ὁ
1042 3568 1087 3614 τού
1108 3562 1233 3613 Διονύσου
1253 3559 1346 3632 ἱερεύς,
1366 3554 1421 3612 οἷον

348 3647 527 3718 κυβερνήτης,
556 3647 662 3702 εὐθύνει
690 3649 824 3719 πείσματα
844 3650 873 3701 ὲκ
892 3650 1037 3723 θαλάττης
1056 3650 1179 3706 λύουσαν.
1199 3652 1340 3706 Aristides
1358 3652 1373 3702 Ι
1392 3668 1420 3717 p.

349 3738 402 3791 373
431 3739 516 3794 Diod.
535 3736 646 3793 καλοῦσι
665 3740 716 3810 γάρ
734 3759 763 3794 σε
781 3735 849 3813 ήρας
869 3740 926 3811 ὥρᾳ
945 3742 1035 3813 πρώτη
1057 3741 1209 3806 Διονυσίοις,
1228 3740 1342 3811 τριήρης
1361 3736 1421 3810 ἱερὰ

349 3833 386 3896 τῷ
416 3827 531 3896 Διονύσῳ
561 3829 669 3900 ρὲρεται
696 3828 785 3900 κύκλῳ
815 3828 847 3882 δι’
876 3829 984 3902 ἀγορᾶς.
1008 3849 1035 3900 p.
1059 3832 1113 3885 440
1131 3831 1176 3882 καὶ
1194 3830 1309 3903 τριήρης
1328 3846 1366 3889 τις
1385 3823 1421 3899 tp

349 3912 505 3986 δεικνυμένη
529 3918 576 3985 μὲν
597 3917 751 3982 Διονυσίοις,
770 3918 921 3990 ὑμνουμένη
941 3917 964 3970 δ’
983 3919 1010 3971 ἐν
1029 3925 1083 3980 τοῖς
1102 3917 1269 3982 Κατυίπλυις,
1287 3915 1421 3989 σύμβολον

350 4003 426 4075 νίκης
453 4002 581 4068 παλαιᾶς,
609 4003 643 4077 ήν
672 4004 761 4058 ἐνίκων
790 4007 932 4078 Σμυρναῖοι
960 4009 1137 4078 βακχεύοντες
1161 4007 1245 4068 Χίους
1265 4007 1355 4067 ὅπλοις
1374 4006 1421 4057 καὶ

349 4094 424 4145 ναυσὶ
441 4094 652 4165 πεφραγμένους.
