<?xml version="1.0" encoding="UTF-8"?>
<!DOCTYPE html PUBLIC "-//W3C//DTD XHTML 1.0 Transitional//EN"
    "http://www.w3.org/TR/xhtml1/DTD/xhtml1-transitional.dtd">
<html xmlns="http://www.w3.org/1999/xhtml" xml:lang="en" lang="en">
 <head>
  <title>
</title>
<meta http-equiv="Content-Type" content="text/html;charset=utf-8" />
  <meta name='ocr-system' content='tesseract 3.04.00' />
  <meta name='ocr-capabilities' content='ocr_page ocr_carea ocr_par ocr_line ocrx_word'/>
</head>
<body>
  <div class='ocr_page' id='page_1' title='image "./studiadedionysi00nilsgoog_0058.png"; bbox 0 0 3225 5034; ppageno 0'>
   <div class='ocr_carea' id='block_1_1' title="bbox 759 376 936 436">
    <p class='ocr_par' dir='ltr' id='par_1_1' title="bbox 759 376 936 436">
     <span class='ocr_line' id='line_1_1' title="bbox 759 376 936 436; baseline 0 -18"><span class='ocrx_word' id='word_1_1' title='bbox 759 376 936 436; x_wconf 67' lang='grc'>-46-</span> 
     </span>
    </p>
   </div>
   <div class='ocr_carea' id='block_1_2' title="bbox 315 552 1384 849">
    <p class='ocr_par' dir='ltr' id='par_1_2' title="bbox 315 552 1384 849">
     <span class='ocr_line' id='line_1_2' title="bbox 316 552 1384 625; baseline -0.006 -6"><span class='ocrx_word' id='word_1_2' title='bbox 316 558 462 619; x_wconf 78' lang='lat' dir='ltr'>certiores</span> <span class='ocrx_word' id='word_1_3' title='bbox 478 574 535 616; x_wconf 89' lang='lat' dir='ltr'>nos</span> <span class='ocrx_word' id='word_1_4' title='bbox 552 554 683 616; x_wconf 86' lang='lat' dir='ltr'>faciunt.</span> <span class='ocrx_word' id='word_1_5' title='bbox 716 555 862 615; x_wconf 88' lang='lat' dir='ltr'>meliores</span> <span class='ocrx_word' id='word_1_6' title='bbox 877 571 989 615; x_wconf 78' lang='lat' dir='ltr'><strong>causas</strong></span> <span class='ocrx_word' id='word_1_7' title='bbox 1005 552 1116 613; x_wconf 80' lang='lat' dir='ltr'>afferre</span> <span class='ocrx_word' id='word_1_8' title='bbox 1132 571 1258 614; x_wconf 87' lang='lat' dir='ltr'>necesse</span> <span class='ocrx_word' id='word_1_9' title='bbox 1274 560 1330 625; x_wconf 75' lang='lat' dir='ltr'>est,</span> <span class='ocrx_word' id='word_1_10' title='bbox 1348 558 1384 613; x_wconf 94' lang='lat' dir='ltr'>ut</span> 
     </span>
     <span class='ocr_line' id='line_1_3' title="bbox 315 660 1383 742; baseline -0.005 -17"><span class='ocrx_word' id='word_1_11' title='bbox 315 666 426 742; x_wconf 84' lang='lat' dir='ltr'>glossae</span> <span class='ocrx_word' id='word_1_12' title='bbox 449 664 543 742; x_wconf 90' lang='lat' dir='ltr'>plane</span> <span class='ocrx_word' id='word_1_13' title='bbox 572 662 715 739; x_wconf 84' lang='lat' dir='ltr'>loquenti</span> <span class='ocrx_word' id='word_1_14' title='bbox 739 661 818 722; x_wconf 84' lang='lat' dir='ltr'>fides</span> <span class='ocrx_word' id='word_1_15' title='bbox 842 660 1051 734; x_wconf 84' lang='lat' dir='ltr'>abiudicatnr,</span> <span class='ocrx_word' id='word_1_16' title='bbox 1074 661 1199 721; x_wconf 90' lang='lat' dir='ltr'>etiamsi</span> <span class='ocrx_word' id='word_1_17' title='bbox 1215 660 1383 721; x_wconf 87' lang='lat' dir='ltr'>uarietates</span> 
     </span>
     <span class='ocr_line' id='line_1_4' title="bbox 316 763 1383 849; baseline -0.004 -18"><span class='ocrx_word' id='word_1_18' title='bbox 316 776 426 832; x_wconf 80' lang='lat' dir='ltr'>extant</span> <span class='ocrx_word' id='word_1_19' title='bbox 449 774 480 831; x_wconf 94' lang='lat' dir='ltr'>et</span> <span class='ocrx_word' id='word_1_20' title='bbox 503 788 567 830; x_wconf 91' lang='lat' dir='ltr'>uno</span> <span class='ocrx_word' id='word_1_21' title='bbox 591 769 660 829; x_wconf 86' lang='lat' dir='ltr'>loco</span> <span class='ocrx_word' id='word_1_22' title='bbox 683 767 835 829; x_wconf 86' lang='lat' dir='ltr'>mendose</span> <span class='ocrx_word' id='word_1_23' title='bbox 855 766 992 830; x_wconf 81' lang='lat' dir='ltr'><strong>traditur</strong></span> <span class='ocrx_word' id='word_1_24' title='bbox 1008 764 1049 847; x_wconf 84' lang='lat' dir='ltr'>(u.</span> <span class='ocrx_word' id='word_1_25' title='bbox 1067 766 1165 828; x_wconf 90' lang='lat' dir='ltr'>etiam</span> <span class='ocrx_word' id='word_1_26' title='bbox 1181 768 1265 827; x_wconf 80' lang='lat' dir='ltr'>inira</span> <span class='ocrx_word' id='word_1_27' title='bbox 1281 788 1311 847; x_wconf 85' lang='lat' dir='ltr'>p.</span> <span class='ocrx_word' id='word_1_28' title='bbox 1330 763 1383 849; x_wconf 78' lang='lat'>65)</span> 
     </span>
    </p>
   </div>
   <div class='ocr_carea' id='block_1_3' title="bbox 422 874 1476 952">
    <p class='ocr_par' dir='ltr' id='par_1_3' title="bbox 422 874 1476 952">
     <span class='ocr_line' id='line_1_5' title="bbox 422 874 1476 952; baseline -0.002 -15"><span class='ocrx_word' id='word_1_29' title='bbox 422 878 537 937; x_wconf 88' lang='lat' dir='ltr'>Lenaea</span> <span class='ocrx_word' id='word_1_30' title='bbox 570 875 697 936; x_wconf 84' lang='lat' dir='ltr'>easdem</span> <span class='ocrx_word' id='word_1_31' title='bbox 733 880 829 952; x_wconf 90' lang='lat' dir='ltr'>atque</span> <span class='ocrx_word' id='word_1_32' title='bbox 864 874 1066 935; x_wconf 89' lang='lat' dir='ltr'>Anthesteria</span> <span class='ocrx_word' id='word_1_33' title='bbox 1099 874 1194 936; x_wconf 82' lang='lat' dir='ltr'>ferias</span> <span class='ocrx_word' id='word_1_34' title='bbox 1229 894 1293 935; x_wconf 91' lang='lat' dir='ltr'>non</span> <span class='ocrx_word' id='word_1_35' title='bbox 1317 892 1383 935; x_wconf 87' lang='lat' dir='ltr'>esse</span> <span class='ocrx_word' id='word_1_36' title='bbox 1474 932 1476 935; x_wconf 84' lang='grc'><em>,</em></span> 
     </span>
    </p>
   </div>
   <div class='ocr_carea' id='block_1_4' title="bbox 316 980 1386 2876">
    <p class='ocr_par' dir='ltr' id='par_1_4' title="bbox 316 980 1386 2876">
     <span class='ocr_line' id='line_1_6' title="bbox 316 980 1385 1061; baseline -0.004 -16"><span class='ocrx_word' id='word_1_37' title='bbox 316 983 442 1045; x_wconf 84' lang='lat' dir='ltr'>Boeckh</span> <span class='ocrx_word' id='word_1_38' title='bbox 467 1002 507 1043; x_wconf 90' lang='lat' dir='ltr'>ex</span> <span class='ocrx_word' id='word_1_39' title='bbox 530 1002 566 1044; x_wconf 90' lang='lat' dir='ltr'>eo</span> <span class='ocrx_word' id='word_1_40' title='bbox 590 1000 717 1061; x_wconf 87' lang='lat' dir='ltr'>quoque</span> <span class='ocrx_word' id='word_1_41' title='bbox 740 980 865 1042; x_wconf 82' lang='lat' dir='ltr'>efficere</span> <span class='ocrx_word' id='word_1_42' title='bbox 889 981 1001 1055; x_wconf 91' lang='lat' dir='ltr'>uoluit,</span> <span class='ocrx_word' id='word_1_43' title='bbox 1025 980 1110 1059; x_wconf 90' lang='lat' dir='ltr'>quod</span> <span class='ocrx_word' id='word_1_44' title='bbox 1133 986 1255 1042; x_wconf 88' lang='lat' dir='ltr'>ueteres</span> <span class='ocrx_word' id='word_1_45' title='bbox 1270 981 1385 1041; x_wconf 83' lang='lat' dir='ltr'>Lenoea</span> 
     </span>
     <span class='ocr_line' id='line_1_7' title="bbox 316 1087 1383 1167; baseline -0.004 -16"><span class='ocrx_word' id='word_1_46' title='bbox 316 1110 335 1151; x_wconf 90' lang='lat' dir='ltr'>a</span> <span class='ocrx_word' id='word_1_47' title='bbox 369 1091 481 1151; x_wconf 92' lang='lat' dir='ltr'>diebus</span> <span class='ocrx_word' id='word_1_48' title='bbox 513 1089 798 1161; x_wconf 87' lang='lat' dir='ltr'>Anthesteriorum,</span> <span class='ocrx_word' id='word_1_49' title='bbox 823 1088 879 1166; x_wconf 89' lang='lat' dir='ltr'>qui</span> <span class='ocrx_word' id='word_1_50' title='bbox 903 1087 1005 1150; x_wconf 83' lang='lat' dir='ltr'>Choes</span> <span class='ocrx_word' id='word_1_51' title='bbox 1028 1093 1060 1148; x_wconf 90' lang='lat' dir='ltr'>et</span> <span class='ocrx_word' id='word_1_52' title='bbox 1083 1087 1194 1166; x_wconf 87' lang='lat' dir='ltr'>Chytri</span> <span class='ocrx_word' id='word_1_53' title='bbox 1218 1095 1383 1167; x_wconf 80' lang='lat' dir='ltr'>uocantur,</span> 
     </span>
     <span class='ocr_line' id='line_1_8' title="bbox 316 1194 1383 1277; baseline -0.004 -19"><span class='ocrx_word' id='word_1_54' title='bbox 316 1203 477 1277; x_wconf 90' lang='lat' dir='ltr'>separant;</span> <span class='ocrx_word' id='word_1_55' title='bbox 514 1196 565 1257; x_wconf 91' lang='lat' dir='ltr'>his</span> <span class='ocrx_word' id='word_1_56' title='bbox 599 1202 707 1256; x_wconf 88' lang='lat' dir='ltr'>autern</span> <span class='ocrx_word' id='word_1_57' title='bbox 734 1196 812 1256; x_wconf 88' lang='lat' dir='ltr'>locis</span> <span class='ocrx_word' id='word_1_58' title='bbox 839 1201 968 1256; x_wconf 91' lang='lat' dir='ltr'>tantum</span> <span class='ocrx_word' id='word_1_59' title='bbox 991 1194 1129 1255; x_wconf 88' lang='lat' dir='ltr'>tribuere</span> <span class='ocrx_word' id='word_1_60' title='bbox 1152 1215 1217 1256; x_wconf 92' lang='lat' dir='ltr'>non</span> <span class='ocrx_word' id='word_1_61' title='bbox 1241 1213 1383 1274; x_wconf 89' lang='lat' dir='ltr'>possum.</span> 
     </span>
     <span class='ocr_line' id='line_1_9' title="bbox 316 1297 1384 1382; baseline -0.003 -18"><span class='ocrx_word' id='word_1_62' title='bbox 316 1304 430 1364; x_wconf 84' lang='lat' dir='ltr'>Lenaea</span> <span class='ocrx_word' id='word_1_63' title='bbox 464 1323 482 1364; x_wconf 88' lang='lat' dir='ltr'>a</span> <span class='ocrx_word' id='word_1_64' title='bbox 517 1302 657 1364; x_wconf 84' lang='lat' dir='ltr'>Choibus</span> <span class='ocrx_word' id='word_1_65' title='bbox 692 1302 861 1380; x_wconf 81' lang='lat' dir='ltr'>distinguit</span> <span class='ocrx_word' id='word_1_66' title='bbox 888 1302 1061 1381; x_wconf 87' lang='lat' dir='ltr'>Alciphron</span> <span class='ocrx_word' id='word_1_67' title='bbox 1091 1301 1134 1375; x_wconf 86' lang='grc' dir='ltr'>ΙΙ,</span> <span class='ocrx_word' id='word_1_68' title='bbox 1160 1303 1190 1374; x_wconf 84' lang='grc'>3,</span> <span class='ocrx_word' id='word_1_69' title='bbox 1219 1301 1258 1362; x_wconf 86' lang='grc'>10</span> <span class='ocrx_word' id='word_1_70' title='bbox 1283 1297 1384 1382; x_wconf 85' lang='lat' dir='ltr'>(XlX)</span> 
     </span>
     <span class='ocr_line' id='line_1_10' title="bbox 316 1408 1383 1489; baseline -0.003 -18"><span class='ocrx_word' id='word_1_71' title='bbox 316 1411 351 1471; x_wconf 88' lang='lat' dir='ltr'>in</span> <span class='ocrx_word' id='word_1_72' title='bbox 381 1411 526 1489; x_wconf 80' lang='lat' dir='ltr'>epistula,</span> <span class='ocrx_word' id='word_1_73' title='bbox 552 1427 649 1488; x_wconf 89' lang='lat' dir='ltr'>quam</span> <span class='ocrx_word' id='word_1_74' title='bbox 674 1410 848 1470; x_wconf 82' lang='lat' dir='ltr'>Menander</span> <span class='ocrx_word' id='word_1_75' title='bbox 872 1409 1013 1486; x_wconf 86' lang='lat' dir='ltr'>Glycerae</span> <span class='ocrx_word' id='word_1_76' title='bbox 1037 1428 1103 1470; x_wconf 88' lang='lat' dir='ltr'>suae</span> <span class='ocrx_word' id='word_1_77' title='bbox 1127 1408 1251 1470; x_wconf 86' lang='lat' dir='ltr'>dedisse</span> <span class='ocrx_word' id='word_1_78' title='bbox 1275 1409 1383 1469; x_wconf 84' lang='lat' dir='ltr'>fertur.</span> 
     </span>
     <span class='ocr_line' id='line_1_11' title="bbox 317 1516 1385 1595; baseline -0.004 -17"><span class='ocrx_word' id='word_1_79' title='bbox 317 1517 418 1579; x_wconf 85' lang='lat' dir='ltr'>Choes</span> <span class='ocrx_word' id='word_1_80' title='bbox 453 1517 605 1577; x_wconf 90' lang='lat' dir='ltr'>nimirum</span> <span class='ocrx_word' id='word_1_81' title='bbox 638 1516 739 1591; x_wconf 78' lang='lat' dir='ltr'>affert,</span> <span class='ocrx_word' id='word_1_82' title='bbox 765 1517 850 1595; x_wconf 91' lang='lat' dir='ltr'>quod</span> <span class='ocrx_word' id='word_1_83' title='bbox 874 1536 911 1576; x_wconf 91' lang='lat' dir='ltr'>eo</span> <span class='ocrx_word' id='word_1_84' title='bbox 935 1517 986 1576; x_wconf 88' lang='lat' dir='ltr'>dic</span> <span class='ocrx_word' id='word_1_85' title='bbox 1011 1516 1220 1577; x_wconf 86' lang='lat' dir='ltr'>Athenienses</span> <span class='ocrx_word' id='word_1_86' title='bbox 1244 1516 1385 1576; x_wconf 90' lang='lat' dir='ltr'>maxime</span> 
     </span>
     <span class='ocr_line' id='line_1_12' title="bbox 316 1622 1385 1702; baseline -0.002 -18"><span class='ocrx_word' id='word_1_87' title='bbox 316 1624 416 1702; x_wconf 82' lang='lat' dir='ltr'>geniis</span> <span class='ocrx_word' id='word_1_88' title='bbox 451 1623 660 1701; x_wconf 85' lang='lat' dir='ltr'>indulgebant</span> <span class='ocrx_word' id='word_1_89' title='bbox 695 1629 726 1684; x_wconf 90' lang='lat' dir='ltr'>at</span> <span class='ocrx_word' id='word_1_90' title='bbox 760 1642 813 1685; x_wconf 88' lang='lat' dir='ltr'>eas</span> <span class='ocrx_word' id='word_1_91' title='bbox 848 1624 941 1684; x_wconf 86' lang='lat' dir='ltr'>ferias</span> <span class='ocrx_word' id='word_1_92' title='bbox 976 1642 1105 1684; x_wconf 89' lang='lat' dir='ltr'>summa</span> <span class='ocrx_word' id='word_1_93' title='bbox 1128 1643 1202 1684; x_wconf 91' lang='lat' dir='ltr'>cum</span> <span class='ocrx_word' id='word_1_94' title='bbox 1225 1622 1385 1683; x_wconf 85' lang='lat' dir='ltr'>hilaritate</span> 
     </span>
     <span class='ocr_line' id='line_1_13' title="bbox 316 1729 1385 1809; baseline -0.003 -17"><span class='ocrx_word' id='word_1_95' title='bbox 316 1737 348 1792; x_wconf 88' lang='lat' dir='ltr'>et</span> <span class='ocrx_word' id='word_1_96' title='bbox 385 1731 516 1792; x_wconf 87' lang='lat' dir='ltr'>lasciuia</span> <span class='ocrx_word' id='word_1_97' title='bbox 550 1730 761 1803; x_wconf 87' lang='lat' dir='ltr'>celebrabant,</span> <span class='ocrx_word' id='word_1_98' title='bbox 797 1731 912 1791; x_wconf 85' lang='lat' dir='ltr'>Lenaea</span> <span class='ocrx_word' id='word_1_99' title='bbox 946 1738 1064 1803; x_wconf 79' lang='lat' dir='ltr'>autem,</span> <span class='ocrx_word' id='word_1_100' title='bbox 1098 1730 1184 1809; x_wconf 91' lang='lat' dir='ltr'>quod</span> <span class='ocrx_word' id='word_1_101' title='bbox 1209 1729 1385 1790; x_wconf 89' lang='lat' dir='ltr'>Menandro</span> 
     </span>
     <span class='ocr_line' id='line_1_14' title="bbox 316 1837 1385 1918; baseline -0.002 -21"><span class='ocrx_word' id='word_1_102' title='bbox 316 1841 418 1918; x_wconf 74' lang='lat' dir='ltr'>poetae</span> <span class='ocrx_word' id='word_1_103' title='bbox 453 1837 574 1898; x_wconf 86' lang='lat' dir='ltr'>cornico</span> <span class='ocrx_word' id='word_1_104' title='bbox 610 1838 750 1898; x_wconf 88' lang='lat' dir='ltr'>maxime</span> <span class='ocrx_word' id='word_1_105' title='bbox 773 1838 860 1898; x_wconf 91' lang='lat' dir='ltr'>cordi</span> <span class='ocrx_word' id='word_1_106' title='bbox 884 1845 982 1897; x_wconf 90' lang='lat' dir='ltr'>erant.</span> <span class='ocrx_word' id='word_1_107' title='bbox 1029 1857 1127 1915; x_wconf 90' lang='lat' dir='ltr'>quare</span> <span class='ocrx_word' id='word_1_108' title='bbox 1152 1837 1219 1898; x_wconf 84' lang='lat' dir='ltr'>haec</span> <span class='ocrx_word' id='word_1_109' title='bbox 1242 1837 1385 1897; x_wconf 88' lang='lat' dir='ltr'>nomina·</span> 
     </span>
     <span class='ocr_line' id='line_1_15' title="bbox 316 1938 1386 2025; baseline -0.002 -21"><span class='ocrx_word' id='word_1_110' title='bbox 316 1943 377 2005; x_wconf 89' lang='lat' dir='ltr'>tim</span> <span class='ocrx_word' id='word_1_111' title='bbox 400 1951 436 2005; x_wconf 94' lang='lat' dir='ltr'>ut</span> <span class='ocrx_word' id='word_1_112' title='bbox 460 1943 497 2002; x_wconf 82' lang='grc' dir='ltr'>τὰ</span> <span class='ocrx_word' id='word_1_113' title='bbox 520 1939 551 2002; x_wconf 79' lang='grc' dir='ltr'>ἐν</span> <span class='ocrx_word' id='word_1_114' title='bbox 575 1950 637 2011; x_wconf 81' lang='grc' dir='ltr'><strong>τοῖς</strong></span> <span class='ocrx_word' id='word_1_115' title='bbox 660 1943 804 2022; x_wconf 74' lang='grc' dir='ltr'>θεάτροις</span> <span class='ocrx_word' id='word_1_116' title='bbox 829 1941 951 2025; x_wconf 75' lang='grc' dir='ltr'>Λήναια</span> <span class='ocrx_word' id='word_1_117' title='bbox 974 1945 1118 2017; x_wconf 81' lang='lat' dir='ltr'>denotat3</span> <span class='ocrx_word' id='word_1_118' title='bbox 1145 1943 1213 2011; x_wconf 79' lang='grc' dir='ltr'>τοὺς</span> <span class='ocrx_word' id='word_1_119' title='bbox 1233 1938 1301 2002; x_wconf 69' lang='grc' dir='ltr'>κατ’</span> <span class='ocrx_word' id='word_1_120' title='bbox 1320 1939 1386 2009; x_wconf 79' lang='grc' dir='ltr'>ἔτος</span> 
     </span>
     <span class='ocr_line' id='line_1_16' title="bbox 318 2043 1386 2131; baseline 0.001 -23"><span class='ocrx_word' id='word_1_121' title='bbox 318 2043 405 2123; x_wconf 83' lang='grc' dir='ltr'>Χόας</span> <span class='ocrx_word' id='word_1_122' title='bbox 427 2050 467 2111; x_wconf 90' lang='lat' dir='ltr'>ad</span> <span class='ocrx_word' id='word_1_123' title='bbox 492 2050 690 2111; x_wconf 84' lang='lat' dir='ltr'>comoediam</span> <span class='ocrx_word' id='word_1_124' title='bbox 715 2070 778 2111; x_wconf 89' lang='lat' dir='ltr'>non</span> <span class='ocrx_word' id='word_1_125' title='bbox 802 2052 959 2130; x_wconf 89' lang='lat' dir='ltr'>pertinere</span> <span class='ocrx_word' id='word_1_126' title='bbox 982 2058 1122 2131; x_wconf 87' lang='lat' dir='ltr'>apparet.</span> <span class='ocrx_word' id='word_1_127' title='bbox 1170 2046 1262 2112; x_wconf 89' lang='lat' dir='ltr'>ludos</span> <span class='ocrx_word' id='word_1_128' title='bbox 1279 2049 1386 2111; x_wconf 84' lang='lat' dir='ltr'>scaeni-</span> 
     </span>
     <span class='ocr_line' id='line_1_17' title="bbox 318 2156 1385 2236; baseline -0.002 -18"><span class='ocrx_word' id='word_1_129' title='bbox 318 2175 370 2218; x_wconf 88' lang='lat' dir='ltr'>cos</span> <span class='ocrx_word' id='word_1_130' title='bbox 406 2156 457 2218; x_wconf 91' lang='lat' dir='ltr'>die</span> <span class='ocrx_word' id='word_1_131' title='bbox 493 2157 684 2236; x_wconf 78' lang='lat' dir='ltr'>Chytrorum</span> <span class='ocrx_word' id='word_1_132' title='bbox 720 2157 811 2219; x_wconf 89' lang='lat' dir='ltr'>datos</span> <span class='ocrx_word' id='word_1_133' title='bbox 846 2177 922 2232; x_wconf 85' lang='lat' dir='ltr'>esse,</span> <span class='ocrx_word' id='word_1_134' title='bbox 953 2164 987 2218; x_wconf 91' lang='lat' dir='ltr'>ut</span> <span class='ocrx_word' id='word_1_135' title='bbox 1011 2158 1041 2218; x_wconf 94' lang='lat' dir='ltr'>h.</span> <span class='ocrx_word' id='word_1_136' title='bbox 1067 2159 1089 2231; x_wconf 63' lang='grc' dir='ltr'>Ι.ι</span> <span class='ocrx_word' id='word_1_137' title='bbox 1113 2159 1227 2219; x_wconf 87' lang='lat' dir='ltr'>Lenaea</span> <span class='ocrx_word' id='word_1_138' title='bbox 1250 2157 1385 2235; x_wconf 85' lang='lat' dir='ltr'>Chytros</span> 
     </span>
     <span class='ocr_line' id='line_1_18' title="bbox 317 2264 1386 2343; baseline -0.001 -18"><span class='ocrx_word' id='word_1_139' title='bbox 317 2264 505 2342; x_wconf 83' lang='lat' dir='ltr'>significent,</span> <span class='ocrx_word' id='word_1_140' title='bbox 531 2264 654 2326; x_wconf 87' lang='lat' dir='ltr'>Gilbert</span> <span class='ocrx_word' id='word_1_141' title='bbox 677 2270 708 2325; x_wconf 93' lang='lat' dir='ltr'>et</span> <span class='ocrx_word' id='word_1_142' title='bbox 731 2266 785 2343; x_wconf 92' lang='lat' dir='ltr'>qui</span> <span class='ocrx_word' id='word_1_143' title='bbox 810 2285 884 2325; x_wconf 89' lang='lat' dir='ltr'>eum</span> <span class='ocrx_word' id='word_1_144' title='bbox 908 2271 1095 2343; x_wconf 86' lang='lat' dir='ltr'>sequuntur,</span> <span class='ocrx_word' id='word_1_145' title='bbox 1119 2266 1386 2343; x_wconf 86' lang='lat' dir='ltr'>putant;&#39;Lenaea</span> 
     </span>
     <span class='ocr_line' id='line_1_19' title="bbox 317 2371 1385 2450; baseline 0 -19"><span class='ocrx_word' id='word_1_146' title='bbox 317 2376 425 2432; x_wconf 89' lang='lat' dir='ltr'>autem</span> <span class='ocrx_word' id='word_1_147' title='bbox 449 2371 546 2431; x_wconf 89' lang='lat' dir='ltr'>etiam</span> <span class='ocrx_word' id='word_1_148' title='bbox 569 2377 636 2433; x_wconf 84' lang='lat' dir='ltr'>tota</span> <span class='ocrx_word' id='word_1_149' title='bbox 660 2371 862 2433; x_wconf 87' lang='lat' dir='ltr'>Anthesteria</span> <span class='ocrx_word' id='word_1_150' title='bbox 885 2372 1061 2450; x_wconf 83' lang='lat' dir='ltr'>significare</span> <span class='ocrx_word' id='word_1_151' title='bbox 1084 2390 1176 2450; x_wconf 86' lang='lat' dir='ltr'>posse</span> <span class='ocrx_word' id='word_1_152' title='bbox 1204 2372 1243 2432; x_wconf 90' lang='lat' dir='ltr'>iis</span> <span class='ocrx_word' id='word_1_153' title='bbox 1259 2389 1385 2432; x_wconf 88' lang='lat' dir='ltr'>necesse</span> 
     </span>
     <span class='ocr_line' id='line_1_20' title="bbox 318 2477 1385 2556; baseline -0.002 -18"><span class='ocrx_word' id='word_1_154' title='bbox 318 2483 366 2538; x_wconf 89' lang='lat' dir='ltr'>est</span> <span class='ocrx_word' id='word_1_155' title='bbox 388 2497 513 2556; x_wconf 89' lang='lat' dir='ltr'>ponere.</span> <span class='ocrx_word' id='word_1_156' title='bbox 562 2497 674 2539; x_wconf 90' lang='lat' dir='ltr'>uerum</span> <span class='ocrx_word' id='word_1_157' title='bbox 697 2478 813 2539; x_wconf 87' lang='lat' dir='ltr'>Lenaea</span> <span class='ocrx_word' id='word_1_158' title='bbox 828 2499 890 2540; x_wconf 92' lang='lat' dir='ltr'>non</span> <span class='ocrx_word' id='word_1_159' title='bbox 909 2480 1013 2540; x_wconf 90' lang='lat' dir='ltr'>solum</span> <span class='ocrx_word' id='word_1_160' title='bbox 1030 2478 1117 2539; x_wconf 89' lang='lat' dir='ltr'>aliud</span> <span class='ocrx_word' id='word_1_161' title='bbox 1134 2498 1251 2539; x_wconf 90' lang='lat' dir='ltr'>nomen</span> <span class='ocrx_word' id='word_1_162' title='bbox 1268 2477 1385 2539; x_wconf 90' lang='lat' dir='ltr'>Anthe-</span> 
     </span>
     <span class='ocr_line' id='line_1_21' title="bbox 316 2585 1385 2663; baseline -0.002 -17"><span class='ocrx_word' id='word_1_163' title='bbox 316 2585 483 2647; x_wconf 86' lang='lat' dir='ltr'>steriorum</span> <span class='ocrx_word' id='word_1_164' title='bbox 513 2604 590 2658; x_wconf 86' lang='lat' dir='ltr'>esse,</span> <span class='ocrx_word' id='word_1_165' title='bbox 614 2586 669 2646; x_wconf 88' lang='lat' dir='ltr'>sed</span> <span class='ocrx_word' id='word_1_166' title='bbox 694 2585 790 2647; x_wconf 90' lang='lat' dir='ltr'>modo</span> <span class='ocrx_word' id='word_1_167' title='bbox 815 2586 1017 2647; x_wconf 84' lang='lat' dir='ltr'>Anthesteria</span> <span class='ocrx_word' id='word_1_168' title='bbox 1040 2591 1107 2647; x_wconf 87' lang='lat' dir='ltr'>tota</span> <span class='ocrx_word' id='word_1_169' title='bbox 1130 2585 1226 2646; x_wconf 92' lang='lat' dir='ltr'>modo</span> <span class='ocrx_word' id='word_1_170' title='bbox 1250 2585 1385 2663; x_wconf 87' lang='lat' dir='ltr'>Chytros</span> 
     </span>
     <span class='ocr_line' id='line_1_22' title="bbox 316 2690 1386 2771; baseline -0.001 -19"><span class='ocrx_word' id='word_1_171' title='bbox 316 2692 503 2770; x_wconf 78' lang='lat' dir='ltr'>significare,</span> <span class='ocrx_word' id='word_1_172' title='bbox 531 2693 582 2752; x_wconf 89' lang='lat' dir='ltr'>hae</span> <span class='ocrx_word' id='word_1_173' title='bbox 609 2693 710 2753; x_wconf 87' lang='lat' dir='ltr'>turbae</span> <span class='ocrx_word' id='word_1_174' title='bbox 733 2711 824 2771; x_wconf 87' lang='lat' dir='ltr'>paene</span> <span class='ocrx_word' id='word_1_175' title='bbox 848 2694 983 2754; x_wconf 89' lang='lat' dir='ltr'>maiores</span> <span class='ocrx_word' id='word_1_176' title='bbox 1007 2698 1091 2766; x_wconf 91' lang='lat' dir='ltr'>sunt,</span> <span class='ocrx_word' id='word_1_177' title='bbox 1117 2712 1214 2771; x_wconf 90' lang='lat' dir='ltr'>quam</span> <span class='ocrx_word' id='word_1_178' title='bbox 1238 2711 1310 2770; x_wconf 86' lang='lat' dir='ltr'>quae</span> <span class='ocrx_word' id='word_1_179' title='bbox 1333 2690 1386 2751; x_wconf 89' lang='lat' dir='ltr'>ad·</span> 
     </span>
     <span class='ocr_line' id='line_1_23' title="bbox 318 2799 1384 2876; baseline -0.003 -16"><span class='ocrx_word' id='word_1_180' title='bbox 318 2799 496 2861; x_wconf 89' lang='lat' dir='ltr'>mittantur.</span> <span class='ocrx_word' id='word_1_181' title='bbox 543 2800 650 2876; x_wconf 89' lang='lat' dir='ltr'>itaque</span> <span class='ocrx_word' id='word_1_182' title='bbox 673 2800 837 2860; x_wconf 89' lang='lat' dir='ltr'>hic·locus</span> <span class='ocrx_word' id='word_1_183' title='bbox 861 2800 1025 2861; x_wconf 76' lang='lat' dir='ltr'>sententia</span> <span class='ocrx_word' id='word_1_184' title='bbox 1050 2799 1184 2862; x_wconf 88' lang='lat' dir='ltr'>Gilberti</span> <span class='ocrx_word' id='word_1_185' title='bbox 1207 2818 1271 2859; x_wconf 92' lang='lat' dir='ltr'>non</span> <span class='ocrx_word' id='word_1_186' title='bbox 1287 2800 1384 2858; x_wconf 82' lang='lat' dir='ltr'>lauet.</span> 
     </span>
    </p>
   </div>
   <div class='ocr_carea' id='block_1_5' title="bbox 316 2899 1387 3395">
    <p class='ocr_par' dir='ltr' id='par_1_5' title="bbox 316 2899 1387 3395">
     <span class='ocr_line' id='line_1_24' title="bbox 316 2899 1386 2987; baseline 0 -22"><span class='ocrx_word' id='word_1_187' title='bbox 316 2906 421 2983; x_wconf 83' lang='lat' dir='ltr'>glossa</span> <span class='ocrx_word' id='word_1_188' title='bbox 443 2906 550 2967; x_wconf 80' lang='lat' dir='ltr'>Suidac</span> <span class='ocrx_word' id='word_1_189' title='bbox 574 2906 611 2965; x_wconf 83' lang='grc' dir='ltr'>τὰ</span> <span class='ocrx_word' id='word_1_190' title='bbox 635 2901 749 2965; x_wconf 77' lang='grc' dir='ltr'>ἐκτῶν</span> <span class='ocrx_word' id='word_1_191' title='bbox 773 2899 896 2987; x_wconf 77' lang='grc' dir='ltr'>ἁμαξῶν</span> <span class='ocrx_word' id='word_1_192' title='bbox 920 2907 1101 2986; x_wconf 80' lang='grc' dir='ltr'>σκώμματα,</span> <span class='ocrx_word' id='word_1_193' title='bbox 1124 2926 1224 2984; x_wconf 88' lang='lat' dir='ltr'>quam</span> <span class='ocrx_word' id='word_1_194' title='bbox 1255 2905 1386 2965; x_wconf 91' lang='lat' dir='ltr'>Photius</span> 
     </span>
     <span class='ocr_line' id='line_1_25' title="bbox 318 3011 1384 3094; baseline 0.001 -22"><span class='ocrx_word' id='word_1_195' title='bbox 318 3018 349 3072; x_wconf 92' lang='lat' dir='ltr'>et</span> <span class='ocrx_word' id='word_1_196' title='bbox 388 3013 571 3091; x_wconf 88' lang='lat' dir='ltr'>Apostolius</span> <span class='ocrx_word' id='word_1_197' title='bbox 605 3019 762 3091; x_wconf 85' lang='lat' dir='ltr'>repetunt,</span> <span class='ocrx_word' id='word_1_198' title='bbox 799 3011 935 3094; x_wconf 78' lang='lat' dir='ltr'>(XVIII)</span> <span class='ocrx_word' id='word_1_199' title='bbox 969 3013 1103 3074; x_wconf 91' lang='lat' dir='ltr'>alicuius</span> <span class='ocrx_word' id='word_1_200' title='bbox 1138 3012 1293 3073; x_wconf 88' lang='lat' dir='ltr'>momenti</span> <span class='ocrx_word' id='word_1_201' title='bbox 1328 3020 1384 3084; x_wconf 84' lang='lat' dir='ltr'>est,</span> 
     </span>
     <span class='ocr_line' id='line_1_26' title="bbox 318 3118 1386 3196; baseline -0.001 -17"><span class='ocrx_word' id='word_1_202' title='bbox 318 3118 403 3196; x_wconf 88' lang='lat' dir='ltr'>quod</span> <span class='ocrx_word' id='word_1_203' title='bbox 439 3119 526 3180; x_wconf 93' lang='lat' dir='ltr'>hunc</span> <span class='ocrx_word' id='word_1_204' title='bbox 554 3138 672 3179; x_wconf 88' lang='lat' dir='ltr'>morem</span> <span class='ocrx_word' id='word_1_205' title='bbox 701 3120 816 3180; x_wconf 89' lang='lat' dir='ltr'>iisdem</span> <span class='ocrx_word' id='word_1_206' title='bbox 841 3121 927 3181; x_wconf 87' lang='lat' dir='ltr'>leriis</span> <span class='ocrx_word' id='word_1_207' title='bbox 950 3119 1000 3181; x_wconf 86' lang='lat' dir='ltr'>bis</span> <span class='ocrx_word' id='word_1_208' title='bbox 1023 3120 1178 3180; x_wconf 88' lang='lat' dir='ltr'>occurisse</span> <span class='ocrx_word' id='word_1_209' title='bbox 1201 3125 1386 3180; x_wconf 87' lang='lat' dir='ltr'>consentan-</span> 
     </span>
     <span class='ocr_line' id='line_1_27' title="bbox 318 3226 1387 3304; baseline 0.001 -19"><span class='ocrx_word' id='word_1_210' title='bbox 318 3244 393 3285; x_wconf 91' lang='lat' dir='ltr'>eum</span> <span class='ocrx_word' id='word_1_211' title='bbox 427 3246 492 3286; x_wconf 92' lang='lat' dir='ltr'>non</span> <span class='ocrx_word' id='word_1_212' title='bbox 527 3231 582 3287; x_wconf 91' lang='lat' dir='ltr'>est.</span> <span class='ocrx_word' id='word_1_213' title='bbox 631 3226 754 3288; x_wconf 85' lang='lat' dir='ltr'>Gilbert</span> <span class='ocrx_word' id='word_1_214' title='bbox 788 3227 816 3286; x_wconf 92' lang='lat' dir='ltr'>ei</span> <span class='ocrx_word' id='word_1_215' title='bbox 841 3246 871 3304; x_wconf 89' lang='lat' dir='ltr'>p.</span> <span class='ocrx_word' id='word_1_216' title='bbox 900 3227 961 3287; x_wconf 80' lang='lat'>136</span> <span class='ocrx_word' id='word_1_217' title='bbox 985 3246 1042 3304; x_wconf 87' lang='lat' dir='ltr'>sqq</span> <span class='ocrx_word' id='word_1_218' title='bbox 1068 3226 1165 3287; x_wconf 91' lang='lat' dir='ltr'>fidem</span> <span class='ocrx_word' id='word_1_219' title='bbox 1189 3226 1387 3287; x_wconf 88' lang='lat' dir='ltr'>abiudicauit</span> 
     </span>
     <span class='ocr_line' id='line_1_28' title="bbox 318 3332 1386 3395; baseline 0.001 -3"><span class='ocrx_word' id='word_1_220' title='bbox 318 3332 436 3393; x_wconf 82' lang='lat' dir='ltr'>falsum</span> <span class='ocrx_word' id='word_1_221' title='bbox 471 3352 538 3393; x_wconf 90' lang='lat' dir='ltr'>esse</span> <span class='ocrx_word' id='word_1_222' title='bbox 573 3333 681 3394; x_wconf 90' lang='lat' dir='ltr'>dicens</span> <span class='ocrx_word' id='word_1_223' title='bbox 716 3332 774 3394; x_wconf 91' lang='lat' dir='ltr'>hos</span> <span class='ocrx_word' id='word_1_224' title='bbox 808 3334 894 3394; x_wconf 90' lang='lat' dir='ltr'>iocos</span> <span class='ocrx_word' id='word_1_225' title='bbox 921 3353 960 3393; x_wconf 87' lang='lat' dir='ltr'>ex</span> <span class='ocrx_word' id='word_1_226' title='bbox 985 3334 1193 3395; x_wconf 86' lang='lat' dir='ltr'>Anthesteriis</span> <span class='ocrx_word' id='word_1_227' title='bbox 1216 3334 1386 3394; x_wconf 88' lang='lat' dir='ltr'>translatos</span> 
     </span>
    </p>
   </div>
   <div class='ocr_carea' id='block_1_6' title="bbox 317 3439 1386 4161">
    <p class='ocr_par' dir='ltr' id='par_1_6' title="bbox 317 3439 1386 4161">
     <span class='ocr_line' id='line_1_29' title="bbox 318 3439 1386 3517; baseline 0.001 -19"><span class='ocrx_word' id='word_1_228' title='bbox 318 3457 385 3499; x_wconf 85' lang='lat' dir='ltr'>asse</span> <span class='ocrx_word' id='word_1_229' title='bbox 409 3439 442 3499; x_wconf 90' lang='lat' dir='ltr'>in</span> <span class='ocrx_word' id='word_1_230' title='bbox 459 3439 581 3513; x_wconf 78' lang='lat' dir='ltr'>benaa,</span> <span class='ocrx_word' id='word_1_231' title='bbox 599 3458 671 3517; x_wconf 83' lang='lat' dir='ltr'>quae</span> <span class='ocrx_word' id='word_1_232' title='bbox 687 3441 783 3500; x_wconf 91' lang='lat' dir='ltr'>etiam</span> <span class='ocrx_word' id='word_1_233' title='bbox 801 3440 1020 3501; x_wconf 89' lang='lat' dir='ltr'>uetustissima</span> <span class='ocrx_word' id='word_1_234' title='bbox 1035 3448 1147 3501; x_wconf 84' lang='lat' dir='ltr'>essent.</span> <span class='ocrx_word' id='word_1_235' title='bbox 1188 3440 1244 3501; x_wconf 90' lang='lat' dir='ltr'>sed</span> <span class='ocrx_word' id='word_1_236' title='bbox 1261 3439 1386 3501; x_wconf 90' lang='lat' dir='ltr'>etiamsi</span> 
     </span>
     <span class='ocr_line' id='line_1_30' title="bbox 318 3537 1385 3625; baseline 0 -20"><span class='ocrx_word' id='word_1_237' title='bbox 318 3545 398 3606; x_wconf 88' lang='lat' dir='ltr'>illud</span> <span class='ocrx_word' id='word_1_238' title='bbox 426 3537 550 3625; x_wconf 67' lang='grc' dir='ltr'>ὕστερον</span> <span class='ocrx_word' id='word_1_239' title='bbox 573 3547 691 3607; x_wconf 86' lang='lat' dir='ltr'>falsum</span> <span class='ocrx_word' id='word_1_240' title='bbox 715 3554 772 3620; x_wconf 91' lang='lat' dir='ltr'>est,</span> <span class='ocrx_word' id='word_1_241' title='bbox 797 3548 841 3621; x_wconf 87' lang='lat' dir='ltr'>id,</span> <span class='ocrx_word' id='word_1_242' title='bbox 866 3547 951 3625; x_wconf 92' lang='lat' dir='ltr'>quod</span> <span class='ocrx_word' id='word_1_243' title='bbox 975 3553 1130 3621; x_wconf 88' lang='lat' dir='ltr'>narratur,</span> <span class='ocrx_word' id='word_1_244' title='bbox 1155 3566 1284 3625; x_wconf 90' lang='lat' dir='ltr'>prorsus</span> <span class='ocrx_word' id='word_1_245' title='bbox 1308 3546 1385 3607; x_wconf 90' lang='lat' dir='ltr'>ueri-</span> 
     </span>
     <span class='ocr_line' id='line_1_31' title="bbox 318 3652 1384 3723; baseline -0.002 -9"><span class='ocrx_word' id='word_1_246' title='bbox 318 3652 423 3714; x_wconf 90' lang='lat' dir='ltr'>simile</span> <span class='ocrx_word' id='word_1_247' title='bbox 446 3657 503 3723; x_wconf 91' lang='lat' dir='ltr'>est,</span> <span class='ocrx_word' id='word_1_248' title='bbox 527 3671 601 3713; x_wconf 91' lang='lat' dir='ltr'>cum</span> <span class='ocrx_word' id='word_1_249' title='bbox 624 3654 658 3713; x_wconf 91' lang='lat' dir='ltr'>hi</span> <span class='ocrx_word' id='word_1_250' title='bbox 675 3654 735 3714; x_wconf 87' lang='lat' dir='ltr'>ioci</span> <span class='ocrx_word' id='word_1_251' title='bbox 751 3654 864 3715; x_wconf 88' lang='lat' dir='ltr'>lasciui</span> <span class='ocrx_word' id='word_1_252' title='bbox 880 3655 991 3715; x_wconf 89' lang='lat' dir='ltr'>multis</span> <span class='ocrx_word' id='word_1_253' title='bbox 1007 3655 1093 3714; x_wconf 86' lang='lat' dir='ltr'>feriis</span> <span class='ocrx_word' id='word_1_254' title='bbox 1109 3656 1255 3715; x_wconf 87' lang='lat' dir='ltr'>solennes</span> <span class='ocrx_word' id='word_1_255' title='bbox 1271 3659 1384 3715; x_wconf 89' lang='lat' dir='ltr'>essent.</span> 
     </span>
     <span class='ocr_line' id='line_1_32' title="bbox 318 3759 1386 3840; baseline 0 -21"><span class='ocrx_word' id='word_1_256' title='bbox 318 3760 345 3819; x_wconf 88' lang='lat' dir='ltr'>si</span> <span class='ocrx_word' id='word_1_257' title='bbox 386 3759 468 3820; x_wconf 87' lang='lat' dir='ltr'>binis</span> <span class='ocrx_word' id='word_1_258' title='bbox 506 3760 667 3839; x_wconf 90' lang='lat' dir='ltr'>Dionysiis</span> <span class='ocrx_word' id='word_1_259' title='bbox 705 3762 952 3840; x_wconf 88' lang='lat' dir='ltr'>usurpabantur‚</span> <span class='ocrx_word' id='word_1_260' title='bbox 992 3762 1219 3839; x_wconf 88' lang='lat' dir='ltr'>grammaticus</span> <span class='ocrx_word' id='word_1_261' title='bbox 1253 3761 1386 3839; x_wconf 88' lang='lat' dir='ltr'>quidam</span> 
     </span>
     <span class='ocr_line' id='line_1_33' title="bbox 318 3865 1386 3947; baseline 0 -20"><span class='ocrx_word' id='word_1_262' title='bbox 318 3865 380 3927; x_wconf 85' lang='lat' dir='ltr'>sibi</span> <span class='ocrx_word' id='word_1_263' title='bbox 415 3866 507 3927; x_wconf 83' lang='lat' dir='ltr'>facile</span> <span class='ocrx_word' id='word_1_264' title='bbox 544 3867 732 3945; x_wconf 88' lang='lat' dir='ltr'>persuadere</span> <span class='ocrx_word' id='word_1_265' title='bbox 760 3869 866 3947; x_wconf 88' lang='lat' dir='ltr'>potuit</span> <span class='ocrx_word' id='word_1_266' title='bbox 888 3869 1042 3946; x_wconf 88' lang='lat' dir='ltr'>originem</span> <span class='ocrx_word' id='word_1_267' title='bbox 1067 3887 1106 3927; x_wconf 88' lang='lat' dir='ltr'>ex</span> <span class='ocrx_word' id='word_1_268' title='bbox 1129 3869 1236 3928; x_wconf 86' lang='lat' dir='ltr'>alteris</span> <span class='ocrx_word' id='word_1_269' title='bbox 1259 3874 1386 3929; x_wconf 91' lang='lat' dir='ltr'>tantum</span> 
     </span>
     <span class='ocr_line' id='line_1_34' title="bbox 318 3973 1385 4054; baseline -0.001 -20"><span class='ocrx_word' id='word_1_270' title='bbox 318 3992 371 4034; x_wconf 88' lang='lat' dir='ltr'>eos</span> <span class='ocrx_word' id='word_1_271' title='bbox 386 3973 530 4046; x_wconf 83' lang='lat' dir='ltr'>traxisse,</span> <span class='ocrx_word' id='word_1_272' title='bbox 547 3978 664 4035; x_wconf 90' lang='lat' dir='ltr'>etcum</span> <span class='ocrx_word' id='word_1_273' title='bbox 678 3976 881 4035; x_wconf 85' lang='lat' dir='ltr'>Anthesteria</span> <span class='ocrx_word' id='word_1_274' title='bbox 893 3976 999 4054; x_wconf 86' lang='lat' dir='ltr'>plures</span> <span class='ocrx_word' id='word_1_275' title='bbox 1012 3993 1109 4053; x_wconf 87' lang='lat' dir='ltr'>quam</span> <span class='ocrx_word' id='word_1_276' title='bbox 1123 3974 1237 4035; x_wconf 87' lang='lat' dir='ltr'>Lenaea</span> <span class='ocrx_word' id='word_1_277' title='bbox 1249 3974 1385 4036; x_wconf 85' lang='lat' dir='ltr'>caerimo·</span> 
     </span>
     <span class='ocr_line' id='line_1_35' title="bbox 317 4080 1386 4161; baseline 0.001 -21"><span class='ocrx_word' id='word_1_278' title='bbox 317 4080 387 4142; x_wconf 90' lang='lat' dir='ltr'>nias</span> <span class='ocrx_word' id='word_1_279' title='bbox 411 4085 569 4141; x_wconf 88' lang='lat' dir='ltr'>uetustate</span> <span class='ocrx_word' id='word_1_280' title='bbox 591 4081 758 4158; x_wconf 84' lang='lat' dir='ltr'>insignitas</span> <span class='ocrx_word' id='word_1_281' title='bbox 782 4081 946 4156; x_wconf 86' lang='lat' dir='ltr'>haberent,</span> <span class='ocrx_word' id='word_1_282' title='bbox 967 4082 1089 4142; x_wconf 89' lang='lat' dir='ltr'>ratione</span> <span class='ocrx_word' id='word_1_283' title='bbox 1105 4101 1169 4142; x_wconf 93' lang='lat' dir='ltr'>non</span> <span class='ocrx_word' id='word_1_284' title='bbox 1185 4083 1294 4161; x_wconf 86' lang='lat' dir='ltr'>inepta</span> <span class='ocrx_word' id='word_1_285' title='bbox 1310 4098 1386 4143; x_wconf 89' lang='lat' dir='ltr'>usus</span> 
     </span>
    </p>
   </div>
   <div class='ocr_carea' id='block_1_7' title="bbox 0 0 1621 5034">
    <p class='ocr_par' dir='ltr' id='par_1_7' title="bbox 0 0 1621 5034">
     <span class='ocr_line' id='line_1_36' title="bbox 0 0 1621 5034; baseline 0 0"><span class='ocrx_word' id='word_1_286' title='bbox 0 0 1621 5034; x_wconf 95' lang='lat' dir='ltr'> </span> 
     </span>
    </p>
   </div>
  </div>
 </body>
</html>
