3225 5034
782 393 981 452 -128-

344 574 517 635 comoediae
542 572 665 645 ueteris,
689 570 835 632 uersibus
860 570 996 631 celebrat
1020 570 1105 648 apud
1131 570 1236 630 Athen
1262 570 1287 637 Ι,
1313 569 1352 630 27
1378 570 1412 643 E,

343 700 424 760 quos
440 681 556 740 Kaibel
572 679 720 740 adhibuit
736 674 767 759 ¹),
784 679 818 738 in
835 676 952 756 quibus
970 695 1043 737 cum
1060 678 1207 737 aliatum
1225 695 1311 737 escas
1324 682 1355 736 et
1367 694 1414 737 res

345 788 510 849 deliciosas
534 793 712 858 enumerat;
738 787 886 846 uidemus
910 785 1006 862 igitur
1028 784 1237 844 Athenienses
1254 783 1413 843 Bacchum

344 915 401 975 per
424 914 511 954 mare
535 913 587 954 eas
611 893 687 953 naui
711 892 879 952 aduexisse
903 892 964 951 sibi
989 891 1127 951 finxisse.
1175 892 1208 950 in
1233 890 1301 951 eius
1321 891 1415 950 hono·

341 1019 412 1062 rem
448 1021 540 1080 porro
565 1000 705 1079 hymnus
729 1000 815 1059 hom.
843 999 915 1059 VIL
941 998 1136 1076 compositus
1160 1004 1217 1069 est,
1242 998 1298 1075 qui
1319 996 1416 1058 deum

344 1110 464 1188 piratas
496 1108 661 1185 tyrrhenos
685 1108 718 1167 in
743 1106 912 1184 delphinos
936 1106 1111 1166 mutauisse
1135 1111 1257 1177 narrat3
1283 1124 1357 1164 nam
1383 1105 1417 1164 in

345 1215 452 1276 Attica
473 1215 623 1292 'scriptus
658 1224 714 1287 est,
751 1218 782 1273 et
817 1212 1029 1291 Apollodorus
1066 1212 1125 1286 III,
1152 1213 1181 1285 5,
1208 1213 1226 1272 3
1251 1214 1312 1273 hoc
1335 1213 1418 1272 inter
1494 1277 1496 1282 ⁴

345 1322 480 1383 Icariam
506 1328 537 1381 et
561 1321 688 1380 Naxum
713 1320 856 1380 euenisse
880 1320 986 1379 tradit.
1033 1319 1120 1380 hunc
1144 1319 1242 1379 deum
1259 1339 1315 1397 per
1330 1338 1418 1378 mare

344 1430 422 1490 uehi
458 1430 491 1489 in
528 1428 654 1489 duobus
689 1428 774 1489 uasis
807 1428 911 1488 atticis
938 1427 1093 1488 uidemus.
1141 1428 1239 1488 altera
1262 1433 1310 1487 est
1333 1428 1421 1505 cylix

344 1536 400 1596 illa
435 1536 570 1607 Execiae‚
607 1554 678 1613 quae
713 1534 873 1595 Monachii
899 1540 1078 1595 asseruntur
1103 1530 1267 1614 (Gerhard,
1294 1536 1419 1595 Auserl.

346 1643 484 1703 Vasenb.
511 1643 535 1702 Ι.
562 1648 591 1714 4,
617 1643 636 1701 9
661 1640 741 1722 etc),
767 1641 822 1702 ubi
847 1642 990 1702 Bacchus
1015 1641 1166 1702 barbatus
1183 1643 1269 1703 solus
1284 1643 1319 1702 in
1336 1660 1421 1702 naue

344 1750 443 1811 cubat
467 1769 564 1810 cornu
588 1755 713 1821 tenens3
740 1750 815 1810 uitis
839 1769 912 1811 cum
938 1750 1009 1810 uuis
1033 1750 1225 1828 permagnis,
1251 1769 1322 1827 quae
1346 1750 1421 1809 uelo

344 1857 543 1935 impendent,
579 1857 662 1916 circa
698 1858 819 1916 malum
848 1858 958 1935 serpit;
984 1876 1071 1916 mare
1095 1856 1238 1935 delphini
1263 1856 1419 1917 indicant.

347 1966 483 2025 alterum
519 1964 700 2041 Tarquiniis
735 1964 822 2044 apud
851 1964 1039 2025 Braschium
1063 1972 1120 2037 est,
1146 1964 1230 2042 quod
1256 1964 1421 2026 Loeschke

320 2072 378 2142 ‚in
414 2071 555 2148 Parergis
591 2071 719 2131 Maassii
754 2072 798 2131 sic
834 2074 898 2131 lere
929 2070 1095 2131 describit:
1122 2072 1278 2149 amphora
1302 2090 1422 2150 magna

346 2178 455 2255 figuris
490 2177 597 2254 nigris
634 2197 706 2255 quae
741 2179 856 2239 saeculo
891 2178 962 2237 VII.
988 2185 1123 2238 exeunte
1147 2179 1181 2238 in
1206 2180 1311 2239 Attica
1334 2179 1422 2239 lacta

348 2290 405 2345 est.
452 2290 587 2362 utroque
621 2284 655 2344 in
692 2286 787 2344 latere
822 2284 933 2345 eadem
969 2286 1102 2363 paulum
1138 2286 1310 2346 immutata
1333 2287 1422 2365 picta

344 2397 430 2452 sunt.
479 2410 596 2469 magna
618 2392 652 2450 in
677 2410 759 2451 naue
782 2391 908 2452 duobus
932 2392 1098 2453 ordinibus
1121 2412 1293 2465 remorum,
1315 2393 1421 2470 capite

347 2498 505 2571 animalis,
541 2504 642 2559 rostro
672 2499 828 2559 instructa
857 2500 1000 2560 Bacchus
1025 2499 1176 2560 barbatus
1200 2500 1295 2560 cubat
1320 2519 1421 2560 manu

345 2605 536 2667 cantharum
572 2614 604 2665 et
641 2606 804 2683 palmitem
830 2613 952 2680 teneus,
977 2608 1032 2685 qui
1057 2626 1137 2668 uuas
1160 2607 1230 2667 fert.
1278 2608 1311 2666 in
1336 2626 1421 2667 neue

347 2712 446 2790 satyri
481 2720 512 2772 et
548 2713 717 2785 mana—des,
755 2732 891 2790 quorum
927 2720 1052 2792 satyrus
1083 2715 1161 2792 lyra,
1188 2732 1307 2774 maenas
1330 2714 1421 2775 tibiis

346 2819 447 2891 canit;
473 2819 571 2897 satyri
594 2820 760 2897 remigant.
810 2821 876 2880 haec
899 2820 1005 2898 imago
1029 2822 1078 2894 iis,
1104 2821 1158 2881 ubi
1180 2821 1258 2901 deus
1274 2822 1308 2881 in
1324 2839 1421 2881 curru

346 2926 456 2986 nauali
479 2925 605 2997 insidet,
631 2927 802 3004 persimilis
826 2933 882 2989 est.
930 2927 1005 2988 uitis
1026 2935 1057 2988 et
1073 2946 1147 2988 uuae
1163 2933 1194 2987 et
1209 2928 1342 2989 comites
1360 2928 1420 2988 sol·

348 3034 459 3093 lennes
493 3032 667 3093 ostendunt
701 3033 788 3094 hunc
823 3033 918 3094 deum
948 3054 1020 3120 ¹non
1056 3035 1226 3107 marinum,
1263 3034 1318 3096 sed
1350 3035 1421 3096 uini

346 3140 491 3200 datorem
516 3158 593 3212 esse,
618 3159 714 3218 quem
738 3160 795 3220 per
819 3160 905 3201 mare
921 3142 1126 3219 nauigantem
1145 3141 1229 3202 bona
1244 3160 1302 3202 sua
1318 3142 1421 3202 homi-

346 3246 443 3307 nibus
463 3247 606 3308 attulisse
625 3247 833 3308 Athenienses
850 3248 1020 3309 credebant
1030 3243 1062 3328 ²).
1094 3250 1202 3327 itaque
1218 3268 1292 3309 cum
1308 3249 1420 3309 fabula

457 3402 477 3468 ¹)
494 3405 540 3469 frg
558 3404 611 3457 243
630 3407 665 3457 K.

489 3490 600 3545 Ἓσπετε
620 3500 662 3543 νῦν
682 3512 734 3562 μοι,
755 3492 861 3545 Μοῦσαι
879 3491 1012 3564 Ὀλύμπια
1033 3493 1133 3564 δώματ’
1155 3493 1272 3564 ἔχουσαι,

492 3580 518 3640 ἐξ
538 3574 567 3631 ob
587 3579 734 3652 ναυκληρεῖ
753 3583 877 3642 Διόνυσος
897 3581 935 3633 ἐπ’
957 3580 1048 3634 οἴνοπα
1067 3584 1170 3646 πόντον,

492 3668 545 3721 dcc'
567 3669 651 3740 ἀγάθ’
672 3669 824 3741 ἀνθρώποις
843 3669 911 3741 δεῦρ’
930 3668 1021 3744 ἤγαγε
1040 3674 1085 3744 νηὶ
1104 3673 1217 3744 μελαίνῃ
1237 3672 1293 3738 acl.

457 3757 477 3825 ²)
504 3763 589 3827 Apud
616 3767 718 3828 gentes
746 3763 841 3815 1111111
870 3764 975 3816 fabulae
1001 3765 1198 3828 inueniuntur,
1218 3781 1281 3831 quae
1301 3769 1421 3817 narrant

346 3849 436 3901 deum
467 3849 575 3902 cultum
608 3852 751 3904 mitiorem
780 3857 810 3904 et
837 3853 1039 3918 agriculturam
1069 3870 1167 3907 secum
1196 3856 1338 3907 ferentem
1367 3868 1420 3918 per

348 3954 428 3991 mare
455 3939 585 4000 uenissc3
613 3940 655 3991 sic
674 3942 815 3993 Saturnus
834 3941 865 3993 in
884 3942 996 3995 Latium
1018 3960 1092 3997 naue
1111 3944 1250 3996 aduectus
1269 3941 1420 4007 agricultu-

347 4043 410 4080 ram
429 4028 563 4080 docuisse
582 4029 682 4081 tertur.
720 4031 834 4082 etiarnsi
853 4047 940 4084 aurea
960 4037 1028 4085 aetas
1047 4048 1114 4098 rege
1133 4033 1256 4084 Saturno
1275 4030 1419 4084 1111111111-

348 4117 428 4183 plum
456 4115 543 4169 Croni
572 4118 639 4170 ficta
666 4123 719 4184 est,
747 4120 784 4170 ab
812 4120 867 4172 hoc
893 4122 1095 4173 commercium
1117 4136 1182 4173 cum
1201 4121 1273 4173 mari
1292 4120 1340 4172 ille
1359 4135 1418 4172 non
