3225 5034
695 402 874 468 ‚33-

250 600 308 646 suo
339 600 498 663 quemque
522 584 618 646 modo
641 582 777 664 populos
800 584 976 646 instituisse
1000 600 1058 646 neo
1081 587 1239 647 mensium
1265 604 1318 648 ne·

251 691 340 752 mina
373 698 439 752 tam
476 696 584 752 uetera
610 709 687 765 esse,
716 706 815 770 quern
838 692 981 770 plerique
1005 692 1148 765 credunt,
1172 708 1319 772 nequeo

249 799 516 877 frequentissimis
539 798 628 860 iestis
652 798 748 859 dueta
771 814 848 859 esse.
895 798 1057 859 interdum
1073 799 1202 873 festum,
1219 818 1238 860 a
1254 814 1318 879 que

250 906 369 967 mensis
397 920 514 966 nomen
544 906 667 967 trahere
690 906 803 985 potuit,
829 904 919 966 abest
941 906 993 965 uel
1017 912 1082 966 tem
1107 907 1177 967 leue
1200 913 1256 979 est,
1282 911 1318 968 ut

251 1013 353 1074 mensi
376 1032 494 1074 nomen
511 1010 624 1073 debere
640 1013 796 1073 uideatur.
831 1028 906 1072 nam
924 1013 984 1073 hoo
1000 1030 1137 1091 quoque,
1154 1014 1238 1092 quod
1256 1013 1318 1075 uiri

249 1119 347 1180 docti.
370 1120 585 1197 neglexerunt,
612 1120 681 1179 fleri
704 1125 818 1198 potest.
865 1119 1074 1197 quamobrem
1098 1136 1201 1198 neque
1224 1136 1241 1181 e
1264 1136 1317 1181 no·

249 1227 336 1287 mine
361 1228 478 1287 mensis
502 1227 621 1288 festum
644 1227 822 1305 antiquitus
844 1225 999 1287 traditum
1014 1232 1154 1306 repetere
1164 1222 1187 1308 ¹)
1202 1244 1316 1306 neque,

248 1334 335 1412 quod
372 1338 464 1394 uetus
498 1334 617 1395 festum
645 1350 754 1394 mense
777 1333 918 1412 quodam
943 1333 1169 1407 celebrabatur,
1194 1354 1234 1394 ex
1257 1334 1318 1395 hoo

249 1441 352 1501 mensi
375 1458 493 1501 nornen
512 1441 688 1501 necessario
703 1439 843 1500 inditum
860 1458 927 1501 esse
943 1445 1080 1500 statuere
1095 1440 1178 1502 lieet.
1209 1441 1317 1519 itaque

249 1564 360 1609 omnes
394 1549 540 1626 populos,
576 1547 631 1625 qui
667 1547 779 1629 Lenaea
802 1546 948 1624 agebant,
973 1564 1126 1619 mensem,
1151 1564 1225 1608 eum
1249 1565 1316 1626 age·

249 1653 375 1725 bantur,
400 1655 588 1715 Lenaeonem
612 1654 823 1733 appellauisse
846 1668 972 1715 neeesse
996 1670 1061 1715 non
1084 1661 1144 1727 est;
1170 1652 1224 1715 sed
1242 1672 1316 1733 qno·

251 1761 357 1822 minus
392 1760 446 1822 alli
483 1778 599 1822 nomen
635 1778 674 1820 ex
709 1760 771 1822 ulia
805 1774 839 1821 re
869 1760 1002 1823 ductum
1026 1760 1210 1831 indiderint,
1236 1760 1316 1821 nihil

247 1867 363 1930 obstat.

356 1975 508 2049 Gilberto,
544 1977 600 2053 qui
628 1976 817 2036 Lenaeonem
841 1974 1021 2035 Gamelioni
1044 1975 1233 2054 respondere
1256 1981 1315 2035 sta·

247 2082 319 2153 tuit,
356 2087 392 2143 ut
426 2100 501 2143 eum
536 2083 595 2143 hae
630 2098 662 2143 re
686 2082 878 2143 sententiam
901 2098 993 2142 suam
1017 2081 1220 2154 consociaret,
1245 2099 1316 2160 quse

249 2191 362 2250 Lenaea
397 2190 633 2250 Anthesterioni
668 2188 824 2260 attribuit,
852 2188 966 2249 Lenaee
989 2188 1198 2249 Athenienses
1222 2206 1238 2248 e
1262 2187 1316 2249 Le

247 2312 359 2356 nasone
394 2296 414 2355 i.
452 2314 477 2354 e.
515 2297 701 2357 Gamelione
735 2296 770 2355 in
805 2296 1083 2356 Anthesterionem
1117 2295 1316 2356 transtulisse

247 2418 364 2482 ponere
388 2418 514 2464 neeesse
537 2411 617 2475 erat3
642 2408 674 2464 et
697 2410 733 2464 ut
756 2402 816 2464 hoo
839 2403 987 2476 efflueret,
1012 2420 1129 2463 nomen
1151 2402 1316 2466 Lenaeonis
1388 2450 1391 2455 .

249 2510 468 2583 Athenienses,
493 2510 579 2588 quod
603 2511 716 2571 Lenaea
739 2510 772 2570 in
793 2511 892 2570 alium
910 2527 1053 2570 mensem
1069 2509 1314 2583 transtulissent,

399 2642 465 2649 ..a—...-

247 2704 347 2771 Paulyi
367 2710 395 2757 et
416 2705 563 2757 Wissowae
581 2705 611 2756 H
631 2704 700 2757 1345
719 2704 773 2769 sq).
810 2703 970 2755 seeundum
988 2708 1087 2755 tamen
1105 2717 1265 2769 eognomen
1278 2703 1316 2755 ad

247 2794 390 2859 pecudum
410 2798 525 2859 pastum
544 2794 595 2846 uix
614 2793 760 2860 pertinere
779 2793 906 2851 uidetur;
927 2792 1018 2844 multo
1037 2792 1143 2858 saepius
1161 2807 1246 2858 quam
1260 2792 1315 2845 hoc

246 2887 342 2935 cetera
361 2887 523 2949 occurrunt,
543 2898 606 2949 quae
625 2883 656 2934 in
674 2883 774 2934 multis
792 2882 908 2948 oppidis
924 2882 1027 2934 ionicis
1040 2881 1239 2947 inueniuntur,
1251 2896 1315 2947 quae

246 2978 455 3024 enumerantur
482 2972 500 3023 l.
530 2972 547 3025 l.
576 2972 646 3024 1399
674 2988 708 3038 sq
736 2976 766 3024 et
793 2970 870 3037 apud
890 2970 1048 3023 Prellerum
1067 2975 1097 3022 et
1114 2970 1273 3022 Robertnm
1291 2970 1314 3022 Ι.

246 3058 299 3113 313
326 3076 394 3113 ann.
424 3062 447 3113 1,
476 3067 595 3127 apparet
621 3062 708 3127 igitur
736 3061 846 3114 cultum
869 3060 930 3112 deoe
949 3055 1114 3128 ταυροπόλοι)
1133 3059 1209 3124 apud
1227 3056 1314 3111 lones

245 3150 427 3215 frequentem
456 3151 559 3212 luisse3
591 3164 679 3216 quare
707 3164 744 3203 ex
772 3151 828 3203 hoe
856 3150 955 3203 Dianae
978 3149 1149 3215 eognomlne
1172 3148 1314 3201 Taureonl

246 3238 340 3291 mensi
367 3254 473 3291 nomen
493 3240 590 3306 potius
608 3239 733 3293 inditum
753 3254 818 3293 esse
837 3245 915 3305 pute,
935 3255 1021 3304 quam
1040 3242 1073 3290 ut
1091 3237 1128 3290 ad
1147 3239 1314 3304 Neptunum

246 3327 276 3378 id
304 3329 427 3380 referam
456 3334 489 3381 ut
515 3329 652 3381 dubitans
675 3329 791 3395 quidem
811 3328 1066 3381 Preller-Robert
1084 3344 1111 3393 p.
1130 3325 1183 3379 570
1201 3343 1268 3379 ann.
1287 3326 1313 3379 4

245 3417 357 3469 accedit
384 3418 460 3483 quod
488 3418 598 3470 Taureo
617 3424 648 3471 et
665 3419 822 3471 Artemisio
841 3417 969 3470 uicissim
988 3417 1074 3469 modo
1093 3416 1314 3482 Elaphebolioni

246 3505 331 3557 modo
352 3506 540 3573 Munychioni
559 3507 745 3573 respondent,
765 3512 797 3559 ut
816 3507 893 3559 idem
910 3507 979 3569 fere,
993 3520 1122 3557 mensem
1136 3505 1235 3556 Dianae
1248 3519 1313 3558 esse

244 3608 368 3659 eaerum,
388 3594 598 3660 signifieaulsse
617 3597 779 3649 uideantur.

354 3681 373 3750 ι)
400 3685 442 3736 Ne
471 3686 535 3751 quis
560 3690 676 3751 propter
695 3687 756 3737 haee
775 3687 865 3738 uerba
883 3690 1094 3750 argumentum,
1113 3683 1190 3749 qnod
1209 3680 1313 3735 unae·

174 3819 177 3824 .
245 3773 388 3826 Mnaeone
416 3790 516 3827 mense
544 3775 562 3826 1.
591 3791 615 3828 e.
635 3775 805 3828 Gamelione
824 3774 969 3827 celebrata
987 3789 1052 3826 esse
1071 3788 1105 3825 eo
1124 3773 1311 3836 demonstrat,

244 3862 322 3927 quod
342 3878 379 3914 ex
398 3865 511 3916 Lenaeis
530 3864 640 3917 mensis
659 3879 765 3917 nomen
779 3864 897 3915 ductum
911 3868 963 3928 est,
977 3878 1023 3915 me
1036 3861 1208 3914 imminuere
1221 3864 1311 3926 putet,

244 3951 300 4004 hoe
318 3952 503 4004 obseruatum
524 3954 590 4005 uolo
610 3962 740 4006 mensem
759 3957 789 4005 et
807 3952 924 4016 festum,
944 3953 969 4004 si
986 3964 1093 4004 nornen
1105 3951 1182 4002 inter
1194 3965 1225 4002 se
1239 3965 1312 4001 eom-

245 4041 402 4104 monloant,
423 4043 550 4107 separari
569 4054 628 4095 non
649 4054 742 4108 posse.
780 4042 804 4093 si
826 4042 933 4093 festum
952 4044 1037 4092 uetus
1056 4038 1145 4103 extat,
1164 4050 1222 4089 non
1240 4049 1311 4088 sem·

245 4144 305 4196 per,
324 4130 469 4182 lnterdum
489 4135 587 4183 tamen
606 4144 643 4183 ex
662 4146 697 4183 eo
715 4144 823 4183 nomen
842 4130 951 4181 mensis
970 4129 1131 4181 derinatnm
1151 4132 1203 4179 est.

1188 4235 1204 4285 3
