3225 5034
792 414 947 508 1-1-

334 593 431 670 uulgo
454 590 635 662 utebantur,
660 609 733 652 cum
757 595 886 669 tempus
910 577 987 651 anni
1010 593 1120 653 solaris
1145 592 1327 672 diligentius
1351 595 1402 657 de-

334 698 511 760 finiendum
547 703 623 771 erat,
659 697 745 775 quod
778 697 988 775 agricolarum
1011 705 1043 759 et
1066 705 1236 761 nautarum
1261 703 1402 763 maxime

334 807 491 868 intererat.
539 810 640 884 poetae
675 822 801 881 quoque
837 824 909 865 eam
945 805 1035 883 sequi
1058 807 1170 880 solent,
1196 808 1281 885 quod
1305 810 1402 870 illaa

335 911 529 974 carminibus
553 912 709 972 abhorret.
758 931 884 973 menses
905 913 981 973 anni
998 913 1129 985 11100118,
1145 914 1202 992 qui
1222 916 1293 977 aliis
1309 917 1401 977 annis

334 1021 412 1081 alias
447 1026 478 1081 et
512 1020 684 1097 inaequales
714 1005 820 1097 partes
844 1019 982 1080 duorum
1006 1021 1167 1083 mensium
1191 1022 1268 1083 anni
1292 1024 1401 1085 solaris

334 1125 551 1201 continebant,
587 1126 654 1205 apti
678 1144 744 1187 non
768 1134 869 1199 erant,
894 1127 1012 1205 quibus
1036 1147 1084 1189 res
1108 1130 1217 1207 aliqua
1239 1137 1401 1210 computa·

333 1239 428 1308 retur,
464 1252 535 1312 quoe
570 1239 654 1294 certo
688 1238 831 1312 tempore
867 1235 942 1294 anni
973 1235 1084 1296 solaris
1107 1235 1254 1298 facienda
1277 1246 1343 1298 erat
1366 1244 1401 1299 ut

333 1341 445 1403 messis
469 1347 500 1401 et
523 1341 682 1402 sementis.
730 1340 806 1401 huic
827 1342 1006 1402 necessitati
1022 1343 1121 1403 altera
1136 1344 1216 1404 ratio
1232 1344 1399 1419 seruiebat,

334 1449 486 1527 quoniam
522 1453 609 1508 01108
644 1454 676 1509 01
710 1466 840 1508 occasus
876 1449 1038 1508 stellarum
1063 1451 1194 1527 paulum
1220 1457 1347 1512 tantum
1371 1458 1402 1513 et

333 1558 422 1620 tarde
456 1556 670 1616 immutantur
704 1588 747 1597 -
782 1561 890 1615 nostra
919 1560 1012 1616 aetate
1035 1555 1146 1616 eodem
1171 1557 1235 1616 lere
1259 1563 1401 1637 tempore

332 1665 472 1726 Piscium
500 1662 588 1723 sidus
616 1661 735 1722 heliace
760 1666 794 1722 ut
819 1661 1400 1741 1110110101011111101011000101100

334 1771 423 1833 milia
446 1788 603 1830 annorum
629 1768 734 1840 Aries;
759 1769 779 1831 i.
805 1788 832 1828 e.
850 1770 949 1830 stellae
965 1789 1060 1843 nunc,
1085 1770 1111 1831 si
1128 1790 1192 1849 qua
1207 1771 1285 1831 bora
1300 1770 1400 1829 orian-

332 1885 393 1950 tur,
428 1894 561 1955 quaeras,
592 1894 657 1936 uno
686 1893 793 1935 mense
817 1876 974 1954 posterius
998 1896 1094 1954 quam
1120 1882 1262 1955 tempore
1286 1876 1400 1936 ultimo

332 1985 439 2046 liberae
462 1982 644 2061 reipublicae
666 2001 808 2042 romanae
832 1982 993 2055 oriuntur;
1018 1983 1073 2044 sed
1090 1984 1151 2044 nisi
1167 1984 1282 2043 saecula
1299 1983 1400 2041 multa

331 2109 490 2163 numeres,
525 2088 593 2150 haec
628 2088 807 2150 differentia
844 2090 936 2168 parui
960 2090 1115 2150 momenti
1138 2095 1195 2161 est,
1219 2095 1256 2149 ut
1279 2094 1399 2149 ueteres

330 2218 402 2259 eam
427 2197 582 2274 negligere
606 2196 766 2274 potuerint
790 2231 834 2239 -
854 2196 1062 2275 quamobrem
1079 2196 1123 2256 rei
1139 2200 1253 2256 natura
1268 2193 1398 2267 ferebat,

332 2314 368 2366 ut
403 2302 573 2376 Hesiodus,
609 2303 664 2381 qui
699 2303 843 2380 agricolis
871 2309 902 2363 et
925 2302 1040 2377 nautis,
1074 2322 1138 2380 quo
1162 2302 1259 2363 modo
1281 2309 1313 2362 et
1336 2321 1399 2380 quc

330 2419 474 2490 tempore
508 2429 604 2488 opera
637 2409 758 2488 optime
789 2410 984 2488 perficerent,
1020 2409 1164 2470 uersibus
1195 2409 1398 2489 praescripsit,

330 2520 438 2581 stellas
462 2522 644 2595 sequeretur
659 2511 690 2592 ¹).
738 2535 841 2577 annus
866 2516 985 2576 lunaris
1009 2516 1134 2577 rusticis
1157 2516 1255 2577 etiam
1274 2515 1315 2576 ad
1331 2535 1398 2593 cog·

331 2625 528 2687 noscendum
554 2623 694 2684 difficilis
718 2629 793 2695 erat,
819 2622 906 2701 quod
923 2623 1040 2700 saepius
1055 2622 1309 2695 intercalabatur,
1328 2641 1400 2700 quse

331 2751 380 2793 res
416 2730 634 2792 sacerdotibus
668 2729 779 2808 oppidi
808 2729 962 2789 mandata
984 2736 1060 2802 erat,
1103 2731 1158 2808 qui
1182 2750 1220 2791 ea
1243 2749 1307 2790 non
1332 2725 1399 2790 sine

331 2837 489 2900 erroribus
517 2837 679 2898 interdum
711 2836 886 2898 arbitrariis
916 2836 1195 2915 perfungebantur.
1221 2838 1266 2899 sic
1290 2838 1399 2897 Romae

332 2950 410 3018 erat,
435 2943 491 3006 ubi
515 2944 692 3005 sacerdotes
715 2944 783 3004 iure
806 2962 865 3004 suo
888 2943 1048 3004 interdum
1073 2943 1165 3005 abusi
1186 2951 1268 3005 sunt.
1306 2944 1399 3004 Athe·

332 3051 382 3113 nis
416 3050 692 3111 hieromnemones
716 3051 814 3111 fastos
838 3068 997 3121 eurauere,
1031 3069 1112 3128 quos
1135 3051 1297 3112 interdum
1320 3069 1399 3111 erra-

332 3158 415 3219 uisse
436 3156 664 3235 Aristophanes
680 3156 763 3219 Nub.
783 3156 936 3219 607-26
954 3156 1160 3231 demonstrat,
1178 3159 1287 3219 lunam
1305 3159 1398 3219 deam

331 3269 516 3343 querentem
551 3263 715 3336 inducens,
740 3263 826 3342 quod
857 3264 945 3324 feriae
969 3264 1107 3325 ciuitatis
1131 3264 1216 3326 diuis
1240 3285 1304 3326 non
1328 3284 1399 3326 000-

440 3418 459 3486 ¹)
477 3421 672 3488 Appendicem
700 3406 811 3473 dierum
839 3436 866 3472 u.
891 3420 943 3472 765
961 3436 1022 3485 sqq,
1050 3420 1080 3472 in
1099 3437 1156 3487 000
1174 3422 1259 3475 rebus
1277 3422 1398 3487 singulis

330 3509 393 3562 dies
417 3510 487 3562 certi
511 3509 618 3562 mensis
644 3509 751 3561 lunaris
770 3509 929 3562 secundum
948 3510 1166 3576 superstitiones
1186 3514 1215 3563 et
1232 3511 1398 3576 religionem

332 3597 534 3663 attribuuntur,
549 3602 578 3650 et
590 3598 638 3664 qui
648 3598 710 3650 dies
720 3597 761 3651 rei
775 3598 955 3665 perficienda
968 3579 1056 3651 fausti
1069 3600 1175 3665 quique
1188 3600 1317 3652 infelices
1331 3600 1397 3663 sint,

332 3687 510 3754 praedicatur,
539 3703 597 3740 non
626 3687 755 3754 respicio.
784 3688 859 3739 banc
887 3687 963 3740 00110
983 3694 1082 3755 poeta,
1103 3688 1152 3754 qui
1171 3704 1257 3755 opera
1275 3687 1397 3754 scripsit,

330 3774 454 3828 alienam
483 3791 546 3828 csse
573 3776 725 3843 opiniones
754 3776 871 3843 prolata
891 3776 1026 3841 indicant,
1049 3793 1112 3843 quse
1132 3778 1228 3830 sobrio
1246 3793 1279 3829 ac
1298 3791 1343 3828 res
1361 3775 1397 3826 ad

332 3863 484 3935 utilitatem
504 3865 638 3917 referenti
657 3865 728 3927 uiro,
747 3865 796 3930 qui
815 3881 902 3933 opera
921 3865 1043 3933 scripsit,
1062 3881 1121 3917 non
1140 3865 1323 3918 conueniunt.
1343 3864 1397 3915 hcc

331 3952 469 4006 iudicium
487 3954 602 4006 10101010
621 3958 741 4008 constat
761 3954 822 4007 dies
842 3971 859 4006 0
877 3955 939 4007 uiro
958 3953 1081 4018 quodam
1102 3954 1239 4020 religione
1251 3954 1396 4017 occupato,

330 4043 429 4108 quales
448 4043 469 4094 ii
488 4047 576 4107 erant,
596 4043 644 4109 qui
664 4059 771 4097 annum
792 4044 922 4095 lunarem
935 4042 1099 4107 religiosum
1112 4041 1315 4109 propagabant,
1335 4055 1397 4092 cen-

331 4131 430 4198 scripti
451 4136 527 4184 sunt.
