3225 5034
762 396 963 456 -114-

327 573 495 636 noluerint
544 572 677 636 Athenis
712 592 841 651 quoque
877 572 990 636 Lenaea
1017 571 1132 636 ritibus
1156 573 1299 651 mysticis
1323 574 1399 634 cele·

328 681 417 743 brata
451 699 519 762 esse
549 679 646 742 tradit
669 679 735 742 sch.
760 680 802 741 ad
827 681 879 740 Ar.
906 679 984 741 Ran.
1011 678 1075 742 479
1100 675 1319 760 (XXXVIIl);
1344 678 1399 742 sed

326 806 380 849 eos
415 785 643 849 certaminibus
677 786 821 850 Lenaicis
845 791 943 864 praue
966 785 1122 850 attribuit.
1170 786 1323 865 quoniam
1347 786 1399 847 da·

326 895 453 956 duchue
476 895 579 956 facem
603 893 732 956 tenebat
755 926 799 940 --
822 912 917 971 quem
943 893 1081 956 eundem
1105 899 1201 971 atque
1224 892 1399 958 Eleusinio-

325 1021 398 1064 rum
422 1020 490 1062 esse
514 1001 638 1062 cautius
662 1019 726 1060 non
751 999 898 1062 dicamus
927 1034 975 1070 -,
999 1000 1079 1062 ritus
1103 1006 1278 1064 nocturnus
1303 1000 1400 1062 luisse

326 1107 466 1171 uidetur.
514 1107 553 1168 de
588 1106 759 1168 Eleusiniis
794 1114 903 1170 tamen
938 1112 970 1168 et
1000 1107 1060 1168 hoc
1084 1113 1193 1168 monet
1216 1114 1247 1168 et
1270 1124 1399 1179 nomen,

326 1235 391 1293 quo
421 1215 590 1278 inuocatur
612 1213 767 1285 Bacchus,
791 1208 904 1294 Ἴακχε
927 1210 1122 1274 cicaronem.
1171 1233 1264 1292 porro
1287 1214 1402 1274 titulus

327 1323 398 1384 CIA
427 1322 470 1396 ΙΙ,
497 1321 558 1382 741
586 1341 605 1381 a
627 1321 717 1397 (XVI
740 1319 770 1401 a)
795 1340 852 1382 nos
876 1321 968 1381 docet
993 1322 1215 1400 mysteriorum
1241 1329 1402 1383 curatores

327 1430 441 1491 Lenaea
475 1428 759 1501 administrauiase,
795 1446 875 1506 quos
911 1428 1098 1490 Lenaeorum
1129 1429 1273 1507 proprios
1297 1446 1400 1506 neque

326 1536 455 1598 eosdem
467 1536 576 1609 fuisse,
587 1534 643 1612 qui
657 1535 807 1613 mysteria
817 1536 982 1598 Eleusinia
991 1536 1214 1613 procurabant,
1226 1535 1402 1598 uerisimile

326 1653 388 1715 est;
413 1644 473 1704 hoc
497 1661 624 1721 quoque
647 1644 682 1703 in
706 1642 828 1704 Leuaeis
852 1643 979 1720 mystici
998 1643 1121 1721 aliquid
1137 1644 1235 1704 tuisse
1251 1648 1400 1714 testatur;

326 1749 380 1811 sed
418 1750 451 1810 in
484 1750 542 1827 [ις.
576 1749 715 1826 dlxvi
738 1747 765 1829 c)
789 1768 901 1810 eorum
924 1751 1031 1811 locum
1055 1751 1182 1828 strategi
1206 1755 1325 1812 teuent.
1374 1749 1401 1810 si

327 1856 383 1935 qui
418 1857 497 1918 ritus
532 1855 586 1918 alii
614 1858 754 1929 luerunt,
779 1856 886 1917 studio
910 1856 1093 1918 fabularum
1116 1857 1290 1920 oblitterati
1314 1862 1401 1930 sunt,

327 1963 389 2024 nisi
411 1966 523 2040 glossae
547 1963 696 2041 quaedam
720 1960 846 2044 (Suidaa
871 1957 902 2032 ἐξ
927 1957 1046 2045 ἁμάξης
1069 1961 1245 2042 (ΧΧΧΙΧ),
1271 1964 1337 2026 sch.
1359 1962 1400 2023 ad

327 2072 381 2132 Ar.
417 2070 498 2147 Equ.
536 2070 599 2132 547
627 2071 718 2147 (XL),
743 2070 858 2132 Suidas
882 2069 920 2132 τὰ
943 2065 979 2131 ta
1002 2077 1058 2130 corr
1083 2064 1205 2151 ἁμαξῶν
1230 2070 1402 2151 σκώμματα

327 2172 464 2258 (XVIII)
500 2177 558 2238 hos
588 2177 683 2249 iocos,
709 2196 789 2256 quos
814 2177 955 2240 Choibus
979 2179 1124 2242 solennes
1148 2178 1246 2238 fuisse
1270 2177 1400 2249 scimus,

328 2283 450 2346 lenseis
484 2302 612 2361 quoque
640 2303 760 2346 morem
786 2289 926 2346 ueterem
949 2285 1048 2346 fuisse
1071 2285 1219 2356 tradunt;
1244 2284 1299 2346 sed
1323 2284 1401 2345 locis

328 2390 454 2452 duobus
497 2409 571 2454 cum
611 2390 775 2452 comoedia
814 2392 981 2452 commixti
1020 2397 1095 2454 sunt
1134 2400 1165 2452 et
1203 2393 1296 2454 tertio
1335 2391 1401 2451 bre·

328 2497 411 2560 uiter
449 2504 751 2570 commemorantur,
791 2503 828 2560 ut
865 2517 929 2560 non
969 2500 1099 2577 liqueat,
1139 2498 1251 2577 quanti
1290 2499 1403 2576 glosaae

327 2603 483 2666 facienda
518 2604 591 2668 sint.
639 2610 713 2666 utut
746 2611 804 2678 est,
829 2611 860 2666 et
883 2606 917 2666 hi
941 2605 1001 2667 ioci
1025 2612 1057 2665 et
1080 2604 1258 2686 γεφυρισμοὶ
1282 2606 1401 2666 Eleusi·

329 2711 455 2774 nicrum
480 2706 606 2775 acetum
630 2712 777 2775 natiuum
802 2712 901 2774 fuisse
925 2712 1062 2787 uidetur,
1087 2731 1151 2790 quc
1167 2712 1401 2792 perfundeban-

329 2822 381 2879 tur
415 2818 564 2880 feriantes
599 2824 631 2879 et
657 2819 796 2880 illustres
821 2828 933 2896 praeter
957 2826 1089 2888 ceterum
1114 2820 1147 2882 in
1171 2820 1258 2882 feriis
1282 2825 1401 2892 autem,

329 2943 401 3003 quae
424 2924 465 2984 ob
489 2924 719 2988 fecunditatem
742 2925 928 3003 agebantur,
953 2927 1051 2990 uerba
1074 2925 1231 2990 obscoena
1252 2926 1291 2988 de
1307 2925 1403 2987 rebus

328 3031 529 3094 naturalibus
564 3031 692 3095 fiebant.
740 3033 879 3111 denique
913 3052 987 3095 curn
1015 3033 1079 3094 duo
1102 3034 1282 3111 fragmenta
1305 3034 1403 3115 Hera-

329 3139 396 3202 cliti
435 3139 496 3200 124
521 3139 606 3217 Byw.
632 3137 813 3212 νοκτιπόλοι,
839 3140 938 3219 μάγοι,
966 3139 1088 3221 βάκχοι,
1113 3138 1212 3221 linunt.
1238 3139 1348 3221 μῦσται
1371 3144 1404 3201 et

332 3245 394 3306 127
429 3241 580 3327 (XXVII)
593 3241 616 3321 1)
645 3247 731 3323 orgia
756 3247 872 3308 Bacchi
896 3247 1002 3310 Lenaei
1027 3245 1159 3310 ionibus
1182 3246 1270 3308 haud
1294 3247 1404 3325 ignota

330 3352 428 3414 fuisse
462 3351 605 3414 indicent
628 3386 671 3398 --
698 3359 801 3416 cetera
824 3354 928 3431 orgia„
945 3373 1017 3434 quaa
1039 3374 1080 3416 ex
1103 3354 1217 3415 insulis
1240 3354 1402 3424 nouimus,

331 3478 395 3519 non
431 3478 506 3519 curo
541 3492 584 3502 —
620 3460 725 3522 nescio
760 3480 801 3520 an
826 3461 1031 3521 statuendum
1057 3463 1099 3522 sit
1122 3462 1235 3521 Lenaea
1258 3461 1403 3522 ionicae

330 3564 427 3628 sacris
452 3566 595 3643 mysticis
618 3571 650 3629 et
673 3567 767 3646 orgiis
790 3575 868 3632 nata
890 3586 966 3632 esee.
1001 3567 1088 3647 quod
1105 3568 1131 3630 si
1148 3567 1310 3647 probatur,
1328 3584 1401 3627 cum

331 3670 506 3733 Ribbeckio
519 3672 759 3750 quodammodo
770 3675 917 3750 iacimus,
931 3694 1128 3754 quamquam
1140 3674 1300 3752 Thyiades
1313 3673 1404 3733 boeo-

337 3794 550 3808 m

442 3847 461 3914 ¹)
489 3848 572 3910 Quod
592 3850 757 3905 Heraclitus
776 3852 805 3906 h.
825 3852 843 3905 l.
862 3851 933 3906 dicit
951 3852 1103 3906 Plutonem
1123 3856 1154 3906 et
1172 3850 1317 3906 Bacchum
1336 3865 1404 3904 eun-

331 3938 398 3993 dem
417 3953 491 4004 esse,
511 3954 576 3992 cum
594 3940 679 3994 fastis
691 3941 918 4007 myconeneibus
932 3942 1064 3996 conterre
1077 3941 1153 4004 nolo,
1166 3940 1284 4006 quodid
1298 3940 1402 3994 rationi

333 4028 540 4093 philosophicae
568 4030 771 4086 ascribendum
793 4046 859 4084 esse
878 4030 1001 4095 uidetur,
1022 4030 1182 4096 pracsertim
1201 4045 1266 4084 oum
1286 4028 1405 4084 nomine

334 4111 421 4185 Αἴδης
441 4121 540 4169 utatur
561 4118 693 4183 scriptor.
