3225 5034
699 469 740 478 .-
765 437 873 496 31..

256 632 362 674 mense
397 613 551 674 celebrata
575 632 642 674 esse
666 613 791 674 Bceckh
817 614 981 688 conclusit,
1006 632 1103 691 quam
1127 615 1319 675 sententiam

254 720 294 780 ab
329 720 399 781 aliis
433 720 656 799 impugnatam
684 721 893 793 corroboraui.
942 721 1096 782 concessit
1119 722 1147 781 ei
1171 721 1231 782 hoc
1255 721 1320 783 Gil-

255 826 323 887 bert
350 847 382 905 p.
408 827 449 887 36
473 845 541 905 sqq,
566 846 695 888 causam
719 834 837 899 autem,
863 846 918 888 cur
941 828 1059 888 mensis
1083 846 1200 888 nomen
1225 828 1319 888 Athe·

254 933 303 993 nis
332 939 528 995 »mutatum
556 934 607 1006 sit,
628 935 750 1012 quaerit.
798 953 873 995 cum
889 935 1002 995 Lenaea
1019 934 1147 995 maioris
1164 934 1318 995 momenti

254 1040 382 1112 luerint,
407 1059 504 1118 quam
528 1060 600 1119 quae
623 1041 710 1101 aliud
734 1043 852 1102 festum
876 1041 1068 1115 obscuraret,
1093 1041 1178 1119 quod
1201 1060 1318 1101 nomen

254 1165 349 1208 suum
362 1148 463 1208 mensi
476 1147 607 1221 inderet,
621 1154 652 1208 et
664 1167 738 1209 cum
750 1148 812 1209 boc
823 1148 951 1222 festum,
965 1150 1051 1227 quod
1065 1149 1126 1208 uiri
1137 1148 1221 1208 docti
1233 1166 1320 1207 nunc

255 1254 398 1314 Gamelia
434 1255 597 1333 appellant
612 1250 643 1335 ¹),
678 1261 744 1316 tam
781 1254 967 1333 ambiguum
1003 1255 1054 1328 sit,
1080 1261 1115 1315 ut
1138 1254 1261 1316 Gilbcrt
1283 1253 1318 1314 id

254 1361 424 1423 recentiore
459 1367 549 1422 aetate
578 1361 618 1421 ab
641 1362 680 1422 iis
704 1362 814 1423 fictum
840 1380 907 1422 esse
930 1362 1054 1422 efficere
1078 1362 1184 1422 conari
1207 1361 1318 1439 possit,

254 1467 349 1527 aliam
386 1487 514 1528 causam
545 1467 692 1528 idoneam
718 1468 837 1529 mensis
860 1468 999 1529 nominis
1023 1468 1170 1528 mutandi
1194 1469 1317 1546 quaerit,

254 1593 352 1652 quam
388 1593 458 1634 eam
493 1593 559 1635 esse
593 1580 695 1654 putat,
724 1575 810 1653 quod
839 1575 960 1635 Lenaeis
983 1575 1017 1635 in
1041 1575 1318 1636 Authesterionem

254 1680 360 1741 dilatis
396 1700 512 1741 nomen
547 1682 711 1742 Lenaeonis
739 1701 833 1743 sensu
862 1682 1023 1760 priuatum
1048 1683 1081 1742 in
1106 1681 1193 1741 aliud
1218 1687 1319 1741 muta·

253 1794 323 1848 tum
359 1793 414 1848 est.
462 1789 647 1867 exemplum
681 1788 786 1860 affert,
823 1789 976 1867 Apaturia
1005 1789 1101 1861 enim,
1127 1807 1198 1866 quae
1221 1788 1319 1847 Hero·

254 1893 348 1955 dotus
383 1895 408 1966 I,
447 1894 508 1956 147
544 1895 670 1973 signum
698 1895 828 1973 originis
851 1895 963 1956 ionicae
986 1914 1053 1956 esse
1076 1894 1182 1968 tradit,
1209 1894 1319 1955 multis

253 2001 330 2061 locis
365 2001 398 2060 in
434 2021 575 2062 mensem
611 2007 795 2079 sequentem
824 2002 922 2062 dilata
945 2021 1012 2063 esse
1036 2010 1168 2063 constat.
1217 2001 1318 2062 delius

254 2108 372 2170 mensis
409 2109 562 2186 Apaturio
596 2109 692 2170 attico
727 2108 940 2187 Pyanopsioni
975 2107 1154 2186 respondet,
1190 2108 1223 2168 in
1254 2126 1319 2186 quo

362 2280 381 2347 ¹)
409 2284 509 2335 Hocne
537 2299 573 2335 ex
601 2284 677 2336 festo
703 2299 808 2335 nomen
838 2282 1015 2335 Gamelionis
1044 2288 1139 2335 ortum
1168 2283 1214 2348 sit,
1233 2282 1319 2334 ualde

254 2371 369 2430 dubito;
398 2376 513 2424 ueteres
541 2372 570 2423 id
595 2372 712 2425 nomine
739 2371 935 2424 Gameliorum
963 2372 1156 2438 appellauisse
1175 2387 1318 2436 nusquam

254 2460 390 2513 traditum
410 2466 463 2526 est,
483 2461 533 2513 sed
553 2460 642 2513 schol.
662 2461 697 2513 ad
718 2462 786 2513 Hes.
806 2477 852 2527 op.
873 2460 925 2512 784
944 2477 1050 2513 nomen
1069 2457 1207 2528 θεαηάμια
1227 2463 1319 2511 estet

254 2550 330 2615 apud
358 2550 501 2615 Photium,
530 2550 575 2602 cui
604 2550 728 2616 glossam
757 2550 875 2602 maximi
905 2550 1043 2602 momenti
1071 2550 1211 2602 debemus
1239 2565 1261 2600 s.
1281 2564 1318 2614 u.,

254 2633 323 2705 ἱερὸς
350 2636 445 2707 γάμος
475 2639 577 2705 pergit:
602 2634 747 2708 Ἀθηναῖοι
766 2636 862 2707 ἑορτὴν
882 2638 943 2697 Διὸς
963 2635 1055 2707 ἄγουσι
1074 2638 1121 2687 καὶ
1137 2635 1232 2706 Ἥρας,
1251 2633 1319 2705 ἱερὸν

254 2725 340 2796 γάμον
368 2724 519 2786 καλοῦντες.
567 2744 603 2779 ne
631 2744 688 2795 quo
717 2743 816 2780 mense
843 2727 959 2793 quidem
988 2728 1202 2780 celebrarentur
1229 2742 1318 2779 sacrae

254 2818 370 2883 nuptiae,
399 2817 534 2870 traditum
564 2823 616 2870 est.
663 2818 759 2884 potius
787 2832 872 2882 quam
901 2817 937 2868 de
964 2817 1020 2868 hoc
1047 2817 1123 2868 festo
1149 2815 1318 2882 cogitauerit
1345 2804 1348 2808 ⁴

254 2907 396 2973 quispiam
416 2906 451 2958 de
471 2922 560 2970 sacro,
579 2908 654 2972 quod
674 2906 845 2958 Plutarchus
865 2910 1071 2958 commemorat
1088 2921 1171 2971 praec.
1191 2905 1264 2957 coni.
1283 2903 1316 2955 27

252 2990 287 3059 (αἱ
306 3000 338 3062 τῇ
358 2992 483 3063 γαμηλίᾳ
501 2992 613 3054 «λύοντες
629 2991 717 3063 Ἦρα),
736 2995 814 3047 etde
827 2994 929 3061 epulis,
943 3010 1014 3060 quas
1028 2994 1210 3060 phrateribus
1224 3008 1319 3045 nouus

255 3084 374 3135 maritus
387 3084 482 3150 dabat,
496 3100 560 3136 cum
574 3085 650 3151 apud
664 3100 713 3136 eos
726 3099 846 3136 uxorem
859 3083 1068 3149 introducebat,
1078 3098 1141 3148 quae
1151 3083 1183 3132 τὰ
1193 3079 1318 3151 γαμηλια

255 3173 301 3224 uel
329 3170 348 3242 ἡ
378 3164 503 3242 γαμηλία
531 3174 709 3226 uocabantur
731 3173 786 3238 (ex.
808 3190 831 3224 c.
850 3173 931 3224 Dem.
950 3173 980 3224 in
1000 3173 1072 3225 Eub.
1092 3172 1126 3224 69
1145 3168 1190 3220 καί
1208 3172 1260 3240 γὰρ
1279 3169 1318 3221 ὅτι

254 3262 323 3311 κατὰ
351 3260 410 3319 τοὺς
430 3260 525 3329 νόμους
544 3259 558 3311 b
578 3260 667 3331 πατὴρ
686 3258 772 3331 ἔγημε
791 3259 837 3311 καί
855 3259 994 3330 γαμηλίαν
1011 3265 1066 3319 τοῖς
1085 3261 1222 3329 φράτερσιν
1236 3255 1319 3329 ,εἰσή-

255 3365 338 3418 νεγκε,
367 3347 575 3419 μεμαρτύρηται.
614 3352 649 3403 ci.
677 3350 716 3404 ib.
744 3351 779 3403 43
807 3357 836 3403 et
863 3351 1001 3416 glossam
1017 3350 1155 3417 Hesychii
1184 3347 1320 3418 γαμηλία)

254 3435 379 3508 γαμηλία
407 3440 493 3490 etiam
521 3440 638 3506 nuptias
657 3440 808 3506 significat,
827 3440 917 3492 Isaeus
936 3440 1028 3505 45,38;
1047 3439 1117 3505 46,5.
1144 3439 1317 3504 credcequi-

254 3528 319 3580 dem
348 3527 441 3579 mensi
470 3528 524 3580 hoc
551 3544 658 3581 nomen
686 3529 808 3581 inditum
829 3544 902 3593 esse,
921 3528 997 3594 quod
1017 3527 1072 3596 μὴν
1090 3524 1228 3597 γαμήλιος
1247 3533 1318 3587 etat,

254 3617 284 3668 in
303 3633 360 3682 quo
379 3617 495 3683 nuptias
514 3616 658 3669 celebrare
678 3617 810 3670 solebant
828 3617 1029 3669 Athenienses.
1067 3632 1166 3669 euoce
1180 3611 1317 3684 γαμήλιος

254 3705 465 3770 terminatione,
493 3706 524 3757 in
552 3722 637 3771 quarn
665 3707 762 3758 omnia
784 3706 926 3757 mensium
951 3706 1069 3758 nomina
1087 3706 1182 3758 ionica
1200 3710 1318 3770 exeunt,

255 3822 287 3830 —
308 3793 344 3844 ὡν
364 3794 525 3846 deriuatum
545 3800 597 3847 est.
618 3795 714 3860 glossa
732 3794 872 3861 Hesychii
893 3791 1047 3864 Γαμηλιών·
1068 3791 1146 3844 ὁτῶν
1161 3799 1254 3864 μηνῶν
1265 3799 1317 3863 τῆς

252 3879 339 3952 Ἥρας
367 3878 436 3951 ἱερός
465 3899 507 3949 eo,
535 3884 611 3949 quod
635 3884 682 3936 hic
701 3884 811 3936 mensis
830 3883 938 3949 nuptiis
957 3888 987 3935 et
1005 3883 1094 3936 sacris
1113 3900 1211 3937 earum
1231 3899 1317 3935 causa

254 3972 358 4024 Iunoni
386 3974 471 4024 lactis
499 3974 632 4039 proprius
663 3978 731 4031 erat,
761 3972 852 4024 multo
870 3972 974 4024 melius
993 3988 1078 4038 quam
1098 3988 1140 4040 eo,
1160 3973 1236 4039 quod
1255 3977 1316 4024 tum

254 4060 427 4126 Theogamia
445 4067 509 4113 acta
528 4066 604 4127 sunt,
624 4062 791 4127 explicatur.
830 4061 906 4126 quod
925 4061 1002 4113 enirn
1015 4062 1123 4114 festum
1136 4077 1194 4114 uno
1207 4061 1318 4112 mensis

255 4149 301 4202 die
319 4150 380 4202 deae
400 4150 568 4217 celebratur,
588 4151 635 4202 hic
654 4151 762 4202 mensis
781 4150 843 4202 dere
862 4165 942 4202 sacer
961 4166 1020 4202 uon
1039 4155 1090 4203 est.
