3225 5034
756 359 934 418 ..28-

313 543 438 609 mestre,
452 535 538 614 quod
551 535 723 596 solstitium
736 534 874 595 hiemale
886 535 1100 613 subsequitur,
1114 536 1381 615 comprehendere

312 643 440 705 uidetur
475 676 517 685 —
552 641 637 720 qnod
674 641 700 702 si
724 640 769 701 ita
799 647 857 712 est,
881 642 1023 713 Posideo,
1048 662 1113 703 non
1138 643 1251 703 Lenaeo
1274 645 1380 704 locum

312 756 386 829 post
421 749 593 810 solstitium
628 748 724 808 habet.
757 781 799 790 —-
824 754 855 808 et
878 748 965 826 quod
988 748 1143 810 Aristides
1166 750 1186 809 l.
1212 751 1231 809 l.
1256 748 1380 811 Poside-

312 876 406 919 onem
442 861 645 916 utinensem
672 854 812 915 maxime
836 855 1006 928 hiemelen,
1031 855 1050 915 i.
1076 875 1102 916 e.
1128 856 1183 934 qui
1207 857 1380 917 solstitium

312 962 528 1041 subsequitur,
551 961 607 1023 sed
624 962 814 1022 Lenaeonem
832 967 868 1022 ut
883 962 1042 1022 mitiorem
1059 961 1219 1036 describit,
1238 962 1379 1025 Gilberto

311 1069 473 1148 negotium
499 1068 638 1129 exhibet.
685 1088 761 1128 nam
782 1088 822 1128 ex
838 1068 888 1129 his
910 1069 1099 1130 Lenaeonem
1115 1070 1290 1131 secundum
1308 1076 1381 1149 post

312 1177 487 1238 solstitium
511 1194 653 1236 mensem
678 1194 745 1265 esse
769 1176 897 1253 colligit.
944 1175 1116 1237 Aristidem
1141 1177 1186 1238 sic
1201 1177 1380 1255 intellegere

311 1302 436 1344 necesse
471 1302 536 1343 non
565 1290 621 1356 est,
646 1281 701 1343 sed
726 1281 765 1341 de
790 1281 954 1342 mensibus
978 1283 1131 1361 cyzicenis
1155 1283 1315 1344 Boeckhio
1338 1283 1379 1344 ad

311 1391 331 1450 l.
356 1390 389 1449 in
415 1389 487 1450 OIG
510 1388 703 1449 credendum
728 1393 785 1453 est,
810 1394 841 1448 et
865 1389 956 1468 Tyrae
980 1408 1106 1467 quoque
1130 1409 1166 1450 eo
1191 1390 1287 1450 modo
1311 1410 1378 1451 rem

310 1515 343 1558 se
377 1496 527 1557 habuisse
562 1494 713 1556 uidimus.
772 1514 821 1556 res
856 1495 967 1556 eedem
1003 1501 1059 1570 est,
1095 1516 1193 1575 quam
1228 1498 1261 1557 in
1289 1498 1379 1577 fastis

311 1604 415 1665 atticis
439 1611 470 1663 et
493 1601 646 1663 boeoticis
669 1602 886 1680 cognouimus.
935 1602 1055 1663 ionicos
1070 1604 1169 1664 fastos
1185 1605 1379 1682 antiquiores

310 1730 327 1770 e
362 1710 439 1770 Delo
466 1716 622 1781 tenemus,
648 1715 680 1769 et
702 1709 734 1769 in
759 1709 810 1770 his
836 1728 960 1771 menses
984 1710 1068 1770 locos
1091 1711 1235 1789 proprios
1258 1716 1378 1784 tenent,

310 1824 347 1878 nt
375 1817 488 1877 Lenaeo
512 1816 636 1895 primus
658 1821 731 1894 post
753 1816 926 1877 solstitium
951 1816 993 1876 sit
1016 1818 1144 1878 mensis.
1169 1817 1208 1878 iis
1232 1819 1378 1896 tempori·

310 1923 380 1997 bus,
405 1942 479 1984 cum
503 1923 590 1984 tituli
613 1922 752 2000 cyziceni
775 1930 807 1982 et
830 1922 934 2001 tyrani
959 1922 1213 2002 insculperentur
1237 1958 1279 1967 —
1300 1925 1379 2003 cyzi·
1437 1990 1442 2004 .

310 2031 379 2091 ceni
403 2030 493 2090 alteri
516 2050 547 2109 p.
573 2028 646 2091 Chr.
671 2049 702 2089 n.
728 2030 844 2090 saeculo
861 2030 968 2090 medio
983 2029 1170 2091 tribuuntur
1186 2065 1228 2074 —
1244 2037 1275 2091 et
1291 2032 1378 2091 attici

310 2144 340 2197 et
365 2137 499 2198 boeotici
523 2154 648 2197 menses
671 2154 773 2197 unum
798 2154 942 2197 mensem
962 2143 1163 2210 recesserant,
1180 2142 1216 2198 ut
1233 2138 1378 2199 Gamelio

310 2243 468 2304 secundus
504 2249 575 2322 post
610 2243 783 2304 solstitium
811 2250 893 2303 esset
924 2243 1044 2303 mensis
1066 2250 1103 2304 ut
1126 2244 1240 2305 Lenaeo
1264 2245 1378 2323 cyzice-

309 2368 370 2411 nus
405 2357 436 2411 et
470 2356 612 2428 tyranus.
671 2350 778 2427 itaque
814 2349 865 2410 hic
900 2368 1040 2410 recessus
1075 2351 1245 2424 mensium,
1281 2370 1378 2430 quem

309 2456 443 2517 Athenis
477 2456 512 2516 in
546 2454 676 2530 Boeotia
706 2456 739 2515 in
775 2455 902 2535 oppidis
937 2456 1050 2517 ionicis
1073 2457 1269 2531 inuenimus,
1294 2477 1378 2519 anno

308 2649 401 2701 XVII⁴
431 2648 513 2701 Febr.
537 2664 563 2700 a.
582 2648 633 2701 201
655 2665 682 2714 p.
702 2647 768 2700 Chr.
788 2665 816 2699 n.
836 2647 928 2700 fuisse
946 2649 1064 2702 indicat.
1083 2650 1192 2716 incepit
1210 2665 1278 2716 ergo
1297 2651 1378 2714 Tyrae

309 2738 465 2790 Artemisio
484 2754 510 2789 a.
538 2737 587 2789 181
613 2753 631 2789 a
649 2738 696 2790 die
715 2738 827 2789 XXIX.
848 2738 931 2790 Mart.
951 2742 981 2790 et
999 2739 1103 2792 Lenaeo
1123 2755 1148 2791 a.
1168 2738 1219 2791 201
1239 2755 1256 2791 a
1275 2739 1321 2792 die
1341 2741 1377 2791 X.

309 2828 391 2879 Febr.
420 2828 542 2880 Lenaeus
570 2828 639 2879 anni
668 2826 769 2879 solaris
799 2827 892 2879 asiani
911 2843 928 2879 a
946 2827 993 2879 die
1013 2827 1121 2880 XXIV.
1140 2829 1202 2881 Isn.
1222 2828 1331 2895 incepit
1349 2834 1379 2881 et
1423 2831 1425 2835 ’

309 2916 482 2968 Artemisius
510 2932 527 2967 a
554 2916 601 2968 die
629 2916 738 2968 XXIV.
762 2916 846 2968 Mart.
874 2916 898 2967 si
917 2910 1122 2983 inscriptiones
1142 2919 1283 2983 conferas,
1302 2918 1378 2970 inter

308 3006 384 3057 diem
417 3005 510 3058 XVII.
548 3005 630 3057 Febr.
662 3009 692 3057 et
720 3005 843 3056 XXVH.
881 3005 949 3070 Apr.
978 3020 1072 3057 annus
1101 3006 1227 3058 Iulianus
1254 3005 1378 3059 LXVIII

308 3094 370 3146 dies
398 3093 501 3154 habet;
530 3093 607 3146 inter
634 3093 712 3145 diem
731 3093 794 3145 VH.
833 3094 984 3145 Lenaeonis
1008 3099 1039 3146 et
1057 3095 1153 3147 XXX.
1173 3095 1378 3148 Artemisionis

308 3187 377 3235 sunt
404 3183 467 3235 dies
491 3183 612 3249 LXXX,
632 3197 647 3234 e
667 3198 724 3248 qua
742 3183 854 3234 ratione
874 3182 952 3234 diem
970 3189 1080 3235 certum
1100 3185 1170 3236 anni
1189 3184 1294 3251 Tyrani
1313 3184 1377 3237 aliis

307 3272 393 3323 annis
420 3272 451 3323 in
479 3271 556 3324 diem
585 3272 672 3323 alium
699 3272 768 3323 anni
787 3271 889 3323 iuliani
908 3272 1046 3324 incidisse
1065 3279 1193 3339 apparet,
1213 3275 1288 3339 qnod
1309 3290 1377 3340 non,

308 3361 364 3412 nisi
384 3376 500 3413 menses
519 3361 614 3428 tyrani
634 3361 750 3412 lunares
770 3361 898 3427 fuerunt,
920 3361 983 3413 fieri
1001 3362 1102 3428 potuit.
1131 3363 1183 3415 sed
1196 3364 1251 3415 hoe
1264 3378 1377 3430 quoque

308 3450 458 3501 fatendum
487 3454 532 3501 est
561 3464 597 3501 ne
626 3464 691 3500 cum
717 3449 787 3501 luna
814 3449 931 3514 quidem
949 3450 1079 3517 Tyranos
1098 3452 1271 3517 conspirare.
1310 3467 1376 3503 nam

308 3538 467 3590 secundum
496 3538 631 3602 rationes,
661 3553 732 3604 quas
760 3539 871 3590 amIcus
899 3539 1001 3591 harum
1025 3555 1122 3592 rerum
1142 3541 1252 3606 peritus
1271 3555 1317 3592 me
1336 3556 1377 3592 ro·

307 3632 393 3693 gante
421 3627 557 3693 instituit,
585 3642 610 3681 a.
640 3626 690 3678 181
717 3627 900 3680 nouilunium
920 3633 982 3681 erat
1000 3629 1047 3681 die
1066 3630 1103 3681 II.
1124 3630 1191 3693 Apr.
1210 3630 1242 3694 (I.
1262 3629 1322 3682 Art.
1343 3650 1377 3672 =

307 3716 418 3768 XXIX.
429 3716 523 3780 Mart.)
542 3720 572 3768 et
589 3731 613 3767 a.
634 3715 685 3767 201
706 3716 752 3768 die
771 3717 853 3769 XXI.
873 3718 955 3770 Febr.
976 3719 1006 3780 (I.
1020 3719 1089 3770 Len.
1100 3739 1134 3760 =
1145 3719 1181 3770 X.
1195 3718 1295 3784 Febr).
1315 3719 1377 3770 haec

307 3805 472 3857 differentia
491 3805 562 3856 satis
581 3820 686 3871 magna
704 3809 756 3859 est.
789 3807 895 3858 Lenaeo
911 3811 1007 3859 autem
1022 3807 1177 3859 Februario
1190 3807 1377 3874 respondisse

308 3894 432 3960 uidetur,
464 3894 541 3959 quod
568 3894 673 3947 rationi
703 3895 875 3960 Ungerianae
903 3900 1003 3962 aptum
1032 3901 1084 3949 est.
1122 3897 1191 3949 item
1221 3896 1376 3949 Artemisio

307 3983 399 4049 Aprili
417 3983 620 4049 respondebat,
640 4000 705 4036 cum
725 3988 811 4036 antea
829 3985 952 4037 Martius
966 3985 1027 4037 iere
1040 3984 1146 4037 fuisset
1162 3988 1196 4037 ut
1208 3984 1313 4052 Cyzici,
1326 3985 1376 4037 ubi

309 4071 499 4138 Elaphebolia
519 4077 572 4138 est,
591 4088 764 4139 quamquam
783 4073 814 4124 in
833 4074 897 4125 aliis
917 4073 1031 4140 oppidis
1051 4074 1237 4127 Anthesterio
1257 4080 1310 4127 est.
