3225 5034
677 399 855 465 ..41-

235 577 417 643 testimonis
451 577 485 641 in
512 595 648 641 examen
672 594 783 641 nocere
806 576 999 643 strutiones
1023 573 1156 649 Gilberti
1180 573 1223 654 (ot
1246 578 1303 647 Bo

235 683 439 751 deusteinerii
472 689 504 749 et
537 680 706 763 Pickerdii)
740 682 846 749 denuo
871 687 1013 761 spectare
1037 683 1141 762 operis
1163 684 1302 763 pretium

236 791 304 865 erit,
340 811 380 855 ne
415 791 493 869 quid
524 790 807 868 argumentationis
832 789 922 881 desit.
969 789 1120 868 primum·
1135 791 1240 855 locum
1264 791 1304 855 iis

234 898 425 963 testimoniis
460 898 602 977 adsigno,
637 916 677 963 es
712 897 830 975 quibus
864 897 979 961 Lenoee
1005 897 1124 961 tostum
1152 898 1202 961 sui
1225 898 1303 965 iuris
1383 881 1385 884 ‚

234 1005 333 1071 fuisse
367 1005 514 1069 concludi
550 1011 662 1084 potest.
698 1004 763 1078 illa,
797 1023 869 1082 quae
893 1003 1105 1071 Wschsmuth
1129 1005 1150 1065 l.
1175 1006 1195 1065 l.
1220 1024 1303 1069 com·

236 1118 398 1186 memoret,
436 1131 453 1175 e
487 1111 604 1190 quibus
639 1112 733 1177 Ioues
759 1112 937 1175 insularum
966 1111 1087 1177 insoles
1110 1112 1223 1177 Lenaes
1246 1131 1305 1197 eus

235 1218 309 1283 XII.
346 1219 510 1283 lenseonis
546 1217 598 1281 die
633 1217 841 1283 celebrauisse
875 1223 1009 1290 constat,
1046 1218 1099 1307 ad
1123 1218 1304 1283 Gilbertum

234 1345 300 1391 uon
333 1326 503 1405 pertinent,
539 1325 595 1404 qui
619 1325 829 1389 Athenienses
852 1325 966 1389 Leusee
989 1343 1027 1387 ex
1052 1324 1113 1389 hoc
1138 1343 1246 1391 mense
1269 1326 1304 1391 in

235 1438 421 1511 toquentem
457 1432 655 1499 transtulisse
686 1452 743 1511 pro
766 1431 978 1499 fundamento
1002 1431 1228 1510 disputationis
1251 1452 1305 1512 po·

235 1539 310 1607 suit.
357 1559 414 1616 ego
449 1546 566 1613 sutem,
602 1539 658 1627 qui
692 1539 878 1605 tensorum
901 1545 1029 1618 tempus
1054 1544 1215 1605 mutatum
1239 1559 1304 1609 non
1376 1607 1378 1610 y

234 1665 302 1711 osse
326 1666 377 1709 ms
401 1646 668 1713 demonstrantem
691 1663 792 1725 spere,
818 1646 886 1711 hese
910 1646 1044 1715 maximi
1066 1646 1222 1715 momenti
1237 1665 1305 1717 esse

235 1753 328 1827 duco,
363 1754 439 1832 quia
469 1753 583 1819 Lenaee
616 1754 713 1814 attice
747 1758 783 1815 ut
805 1753 910 1817 ionice
933 1753 985 1818 die
1007 1753 1081 1817 XII.
1108 1753 1304 1821 Gameliouis

236 1866 306 1931 acts
330 1879 396 1923 esse
420 1880 460 1921 ex
482 1860 521 1923 iis
545 1859 732 1925 concludere
755 1859 837 1925 lieet.
873 1860 1062 1939 grauissima
1078 1866 1125 1922 est
1140 1860 1305 1938 inscriptio

235 1967 438 2045 Mycononsis
462 1967 578 2046 sepius
601 1966 687 2031 edita
714 1986 762 2031 ex.
788 1986 815 2033 e.
840 1967 910 2045 syll.
936 1962 1216 2040 Dirsnh.1373‚2
1241 1967 1305 2033 615

236 2073 442 2153 (postremam
456 2074 658 2137 collationem
671 2073 801 2135 exhibet
814 2072 853 2134 de
869 2074 966 2147 Prott,
981 2074 1052 2134 lest.
1067 2092 1144 2134 secr.
1158 2094 1202 2152 gr.
1217 2094 1248 2152 p.
1264 2074 1305 2135 13

235 2177 317 2262 sqq),
341 2181 375 2241 ln
399 2199 463 2259 qus
483 2181 503 2240 l.
522 2182 564 2240 24
580 2179 737 2260 expressis
753 2179 859 2241 uerbis
875 2180 1090 2258 praescribitur
1106 2175 1307 2262 (Ληναιῶνος)

237 2283 418 2346 coetestem
442 2281 575 2366 Διονὺσῳ
600 2282 696 2373 lieret
717 2281 844 2377 ἐτήσιον,
870 2286 911 2347 sd
928 2288 1041 2348 Lenaes
1058 2288 1174 2348 Ionum
1191 2286 1306 2348 deinde

236 2395 369 2463 refertur
392 2394 471 2463 Plin.
496 2395 534 2455 N.
559 2395 601 2459 H.
626 2394 657 2457 H
674 2394 694 2475 ξ
712 2394 791 2455 231:
808 2396 909 2457 Andro
925 2396 1070 2459 ininsula
1087 2397 1188 2475 ternplo
1204 2396 1307 2457 Liberi

228 2503 332 2581 paee
350 2504 462 2576 sentem
488 2503 583 2567 Nonis
604 2502 758 2565 Ianuariis
780 2520 893 2577 semper
915 2502 978 2565 uisi
1000 2521 1105 2579 sapore
1122 2502 1218 2576 fluere
1240 2504 1306 2563 Mc·

236 2610 336 2670 cianus
371 2614 414 2669 ter
448 2611 545 2671 consul
568 2610 665 2682 credit,
690 2608 717 2669 si
740 2608 771 2673 h.
797 2609 817 2668 l.
843 2608 951 2669 Nonas
975 2609 1042 2671 Ian.
1068 2608 1131 2669 diei
1152 2608 1227 2669 XII.
1253 2608 1306 2671 Le·

235 2716 357 2776 neeonls
380 2734 494 2794 parum
520 2720 665 2776 accurate
688 2714 878 2792 respondere
901 2716 1093 2777 sumimus„

344 2823 434 2883 Alius
446 2823 560 2882 titulus
578 2821 759 2882 recentioris
776 2821 888 2895 aetstls‚
906 2840 999 2903 equo
1015 2822 1130 2883 Lenaes
1145 2842 1164 2891 a
1180 2822 1307 2900 Chytris

236 2964 280 2971 -—
308 2929 327 2991 i.
357 2948 383 2989 e.
409 2927 449 2991 sb
476 2928 694 3003 Anthesteriis,
719 2911 872 3011 qnoniam
898 2928 1008 3013 Chytri
1033 2929 1059 2999 is
1083 2935 1130 2993 est
1154 2929 1231 3003 dies,
1255 2929 1308 2995 eui

236 3034 306 3107 ludi
345 3036 472 3107 scaenici
508 3036 693 3105 Lenaeorum
729 3033 949 3103 attribuuntur
983 3060 1028 3077 —⁴
1061 3042 1206 3114 seperate
1240 3054 1307 3103 esse

235 3168 450 3188 *W

237 3245 321 3289 usum
350 3230 412 3287 huso
433 3234 580 3294 conuerte,
600 3245 663 3296 quae
683 3247 709 3296 p.
729 3228 763 3285 37
783 3229 825 3285 sic
844 3230 905 3287 fere
924 3228 1153 3287 luculentissime
1172 3229 1307 3295 exponit:

236 3318 321 3381 aliter
341 3320 457 3385 Lipsius
476 3319 506 3377 in
520 3318 628 3375 scholis
640 3319 813 3377 academicis
826 3334 888 3371 rem
901 3319 1039 3384 explanat
1051 3318 1149 3373 uerbis
1163 3314 1309 3385 ὲπιλήναια

147 3439 153 3451 ι
239 3402 275 3469 eir
306 3405 429 3465 Διανύαια
457 3406 540 3465 dorm
567 3424 631 3467 essm
660 3408 901 3473 significationem
930 3408 1087 3472 ascribens,
1115 3412 1148 3463 ut
1174 3403 1309 3465 ὲπωτάται

237 3496 385 3563 Dionysiis
413 3512 527 3555 ssorum
554 3498 737 3565 perfecerint,
756 3497 834 3562 quod
853 3497 993 3563 epilenses
1010 3497 1212 3563 appellaretur.
1250 3495 1309 3561 qni·

237 3584 293 3641 bus
320 3585 488 3652 Dionysiis?
525 3585 551 3641 si
570 3585 709 3652 epilenaes
727 3585 764 3641 ed
783 3585 971 3645 Anthesteris
990 3586 1144 3652 pertinent,
1165 3591 1231 3651 poet
1249 3600 1309 3641 uon

237 3690 344 3738 peuces
363 3675 426 3733 dies
445 3675 476 3735 in
495 3675 682 3735 Anthesterie
700 3691 810 3729 nouum
830 3691 944 3729 sscrnm
965 3674 1124 3741 comparari
1137 3675 1240 3735 mirum
1255 3680 1307 3738 est,

238 3766 267 3819 et
285 3763 425 3830 Dionysia
444 3764 570 3830 arrosus
588 3764 679 3821 multo
698 3768 766 3817 ente
786 3768 816 3817 et
834 3780 939 3830 magne
958 3765 1049 3820 multo
1062 3768 1129 3830 post
1141 3764 1308 3828 agebantur.

237 3852 340 3918 quodsi
368 3853 508 3919 epilenses
530 3868 642 3913 ssorum
663 3857 777 3911 tentum
796 3853 970 3918 significent,
989 3854 1185 3909 Athenienses
1204 3853 1240 3911 sd
1260 3853 1310 3915 Le·

236 3955 301 4001 m
326 3941 369 4006 (ῑὰ
397 3939 542 4009 ecclipsis
571 3939 704 4006 desudem)
731 3941 761 3994 id
784 3941 919 3999 retulisse
937 3958 1057 3997 necesse
1076 3947 1129 3997 est
1167 3956 1252 4007 quem
1272 3941 1309 4001 Ob

237 4045 298 4089 rem
318 4047 354 4089 ex
374 4031 429 4084 hoe
448 4031 533 4087 titulo
549 4035 671 4097 sppsmt
683 4047 743 4091 nep
756 4031 842 4085 modo
855 4047 914 4087 non
928 4031 1116 4089 Anthesteris
1128 4035 1158 4085 et
1170 4030 1310 4096 Dionysio

237 4120 370 4186 setosus,
390 4121 442 4177 sed
460 4136 498 4179 se
517 4121 622 4175 Lenes
640 4120 800 4186 quidemst
813 4119 1000 4181 nethesteris
1013 4121 1200 4181 commiscere
1213 4119 1309 4211 licere·
